2880 4792
190 303 238 370 22
496 318 717 368 ax'rrsrscur
740 318 942 374 centrosas.

190 477 415 556 argumentum
428 489 504 533 eum
520 468 592 532 aliis
607 466 640 531 in
655 467 768 532 eodem
780 487 895 553 genere
910 463 1023 552 poetis,
1032 472 1103 528 tum
1118 463 1248 552 tragicis

190 566 353 653 praecipue
371 568 566 631 celebratum
591 568 774 655 reporimus.
822 565 990 653 θηβαΐδος
1008 566 1105 631 titulo
1120 588 1246 631 cannen

189 678 374 734 constanter
398 670 440 734 ab
465 670 615 735 omuibus
637 670 748 751 fertur,
771 692 834 735 uon
863 667 1050 756 θηβαῖκῶν,
1076 691 1152 754 quae
1172 670 1246 734 alibi

189 771 349 856 ejusmodi
363 794 495 858 operum
511 772 677 859 inscriptio
691 794 762 836 esse
774 771 889 836 solet*
936 771 1093 835 Primaria
1106 793 1180 836 vero
1196 772 1246 836 hio

190 873 332 937 occurrit
367 874 505 960 quaestio
535 873 616 951 haec,
646 882 753 936 utrum
783 874 923 961 primum
953 882 1080 937 tantum
1115 873 1248 951 bellum,

192 973 330 1040 Adrasto
346 976 430 1040 duce
448 997 521 1039 cum
541 974 704 1039 Thebanis
724 985 861 1060 gestum,
876 996 914 1038 eo
933 995 1027 1060 opere
1044 975 1248 1061 pertexuerit,

190 1098 233 1140 an
256 1077 390 1142 altemm
411 1100 553 1164 quoque,
573 1077 660 1163 quod
686 1076 906 1164 Epigonorum
929 1075 1091 1162 appellare
1108 1076 1247 1153 solent.†

192 1177 243 1241 De
268 1200 335 1265 qua
354 1179 486 1265 quidem
511 1202 542 1243 re
567 1178 726 1242 nerninem
748 1178 866 1256 inveni,
886 1177 943 1264 qui
966 1177 1164 1264 quaesiverit,
1179 1188 1245 1258 aut,

189 1279 268 1365 quid
290 1280 486 1365 probabilius
507 1283 582 1370 poni
603 1279 729 1359 debeat,
746 1290 888 1344 vetemm
908 1278 988 1344 locis
1008 1277 1245 1344 demonstrarit.

192 1380 337 1444 lnnuunt
352 1381 480 1468 plurimi
496 1384 638 1470 quidem,
654 1383 743 1470 prins
758 1391 791 1446 et
806 1380 970 1468 antiquius
987 1381 1106 1445 bellum
1121 1380 1165 1444 ab
1180 1382 1246 1444 An·

190 1482 331 1548 timacho
346 1483 407 1548 hoc
423 1497 568 1570 poemate
581 1487 758 1564 conditum,
772 1484 826 1548 alii
839 1494 925 1548 certo
941 1482 1166 1569 pronunciant,
1179 1483 1245 1562 sed,

191 1595 227 1648 ut
248 1608 310 1650 non
333 1608 401 1651 raro
424 1587 455 1649 in
472 1587 529 1672 ¹his
549 1589 643 1653 rebus
664 1589 712 1665 ht,
734 1587 884 1673 opinione
906 1584 1047 1672 quadam
1067 1584 1246 1649 rationibus

190 1687 257 1751 suis
272 1687 436 1753 destituta.
480 1689 554 1753 Jam
576 1713 648 1776 quae
669 1688 744 1752 alibi
760 1688 793 1750 in
809 1687 867 1751 tali
888 1709 921 1751 re
938 1685 1101 1751 dubitanti
1117 1707 1246 1750 succun-

191 1800 276 1868 runt,
292 1790 343 1854 hie
359 1793 510 1878 pleraque
525 1791 635 1856 deesse
649 1791 770 1856 videas.
816 1789 900 1853 Nam
916 1809 1022 1875 neque
1037 1787 1244 1874 antiquorum

189 1891 317 1978 aliquis,
332 1915 440 1956 eorum
456 1901 552 1970 certe,
569 1892 625 1980 qui
646 1915 666 1956 a
684 1914 735 1956 me
750 1891 889 1957 consulti
909 1902 995 1968 sunt,
1009 1889 1245 1955 dubitationem

188 2014 258 2056 eam
275 1992 393 2070 tollere,
412 2015 516 2080 neque
531 2015 571 2056 ex
591 1994 670 2081 ipsis
685 1994 883 2080 fragmentis,
898 2015 972 2080 quae
987 1993 1029 2055 ad
1046 1991 1246 2057 Thebaidem

189 2093 359 2179 pertinent,
375 2095 508 2182 aliquid,
527 2095 612 2183 quod
634 2097 699 2159 veri
721 2096 861 2182 speciem
882 2095 1011 2171 habeat,
1032 2093 1105 2158 elici
1128 2103 1245 2180 potest.

190 2193 276 2257 Cum
292 2196 376 2259 euim
397 2196 480 2261 inter
499 2197 569 2261 haeo
592 2209 761 2262 occurrant
780 2199 883 2285 plura,
898 2197 938 2260 ad
963 2197 1102 2282 primum
1125 2196 1246 2261 bellum

188 2305 295 2381 aperte
311 2299 500 2383 spectantia,
515 2300 557 2363 ad
567 2300 658 2386 ³quod
677 2299 837 2363 dubitatio
852 2320 915 2362 nou
935 2297 1095 2384 pertinet;
1118 2299 1245 2363 nullum

188 2406 298 2461 contra
319 2399 420 2478 adest,
441 2401 529 2488 quod
549 2401 589 2465 de
609 2402 709 2466 altero
728 2400 946 2489 quaerentibus
967 2399 1155 2464 satisfaciat.
1200 2401 1246 2464 At

188 2496 254 2561 duo
276 2498 337 2562 loci
364 2511 449 2579 sunt,
477 2502 533 2589 qui
555 2503 742 2590 scrupulum
769 2502 903 2565 evellere
928 2499 1025 2563 alicui
1055 2500 1244 2564 videantur:

185 2599 266 2664 alter
289 2600 353 2681 ille,
374 2604 432 2691 qui
457 2604 619 2668 Achillem
643 2604 676 2667 in
700 2614 785 2668 terra
807 2603 946 2689 Trojana
969 2601 1044 2664 aravi
1066 2623 1245 2688 egressum,

185 2702 276 2782 alter,
302 2705 359 2792 qui
388 2706 580 2771 Diomedem
603 2708 789 2795 loquentem
815 2705 974 2789 inducit.‡
1026 2704 1091 2769 Sed
1117 2727 1157 2769 ex
1183 2704 1245 2771 hoc

185 2804 255 2869 loco
266 2806 346 2870 nihil
362 2817 432 2872 tuto
448 2809 542 2882 trahi,
558 2809 640 2872 infra
654 2809 833 2873 ostendam.
873 2807 991 2895 Neque
1004 2807 1085 2872 alter
1098 2807 1171 2871 talis
1182 2817 1245 2886 est,

186 2907 267 2991 quin
281 2907 321 2972 de
336 2930 373 2971 eo
388 2909 473 2972 ultro
488 2909 632 2996 citroque
648 2910 806 2997 disputari
821 2909 926 2974 licoat.
972 2908 1059 2972 Mira
1074 2908 1198 2995 utique,
1211 2909 1245 2972 in

186 3007 336 3085 carmine,
352 3009 438 3093 quod
455 3009 593 3095 primurn
609 3007 836 3076 Thebahorum
852 3011 984 3091 bellum,
1001 3010 1034 3073 h.
1045 3032 1073 3074 e.
1088 3032 1138 3074 res
1152 3032 1246 3097 paene

227 3280 244 3313 ⁴*
266 3279 306 3338 Ut
320 3279 553 3361 Ἀργοναυτικῶν,
569 3291 767 3345 Ναυπακτικῶν
782 3284 864 3344 simil.

225 3381 244 3442 †
268 3371 424 3450 Utriusque
439 3373 506 3432 belli
520 3395 609 3453 parvo
623 3375 772 3435 intervallo
783 3376 920 3455 temporis
932 3376 1004 3453 gesti
1013 3375 1146 3435 historias
1157 3396 1244 3436 nemo

185 3461 232 3521 hic
246 3463 395 3542 expositas
409 3476 567 3544 exspectet.
584 3488 611 3526 v.
627 3468 795 3546 Apollodor.
811 3470 863 3528 111.
877 3470 906 3526 6.
923 3487 967 3546 sq.
982 3467 1103 3528 Diodor.
1115 3469 1175 3528 Sic.
1188 3471 1241 3530 IV.

186 3556 235 3614 65.
251 3554 296 3614 vel
313 3556 424 3635 Hygin.
440 3559 474 3616 F.
491 3562 540 3617 70.
555 3579 600 3637 sq.

152 3662 153 3665 ¹
226 3655 239 3717 χ
262 3647 300 3704 V.
322 3648 439 3726 Fragm.
463 3651 560 3711 XXII.
583 3652 643 3710 Lll.
662 3652 853 3711 Posteriorem
873 3671 985 3710 versum
1005 3651 1042 3711 de
1060 3652 1205 3713 Diomede
1219 3655 1243 3714 si

185 3739 250 3815 quis
261 3739 298 3796 ad
313 3760 428 3799 carmen
444 3742 481 3801 de
498 3742 648 3820 Epigonis,
663 3763 785 3822 quorum
802 3764 876 3802 rinus
891 3743 983 3822 Tydei
998 3743 1074 3802 filius
1090 3743 1155 3817 fuit,
1170 3747 1242 3806 rele-

185 3850 253 3906 gare
268 3830 401 3904 voluerit,
415 3832 470 3892 hac
486 3854 575 3893 causa
589 3844 695 3906 motus,
711 3834 789 3912 quod
805 3834 833 3892 in
848 3835 978 3913 elegiaco
993 3847 1126 3914 poemate
1141 3838 1244 3898 heroes

186 3921 337 3999 loquentes
351 3923 397 3982 vix
414 3924 509 3984 lacere
523 3925 649 4002 potuerit
662 3934 759 4002 poeta,
774 3945 809 3984 ea
823 3946 912 3984 causa
927 3927 1047 3986 debilior
1061 3939 1114 3987 est.
1161 3930 1242 3998 Quid

185 4015 272 4087 euim,
287 4015 310 4072 si
325 4015 442 4075 fecerit?
470 4037 496 4075 v.
513 4017 562 4074 Fr.
580 4017 705 4075 XXXV.
727 4027 756 4075 et
769 4037 836 4094 quae
856 4018 894 4076 de
910 4026 1009 4079 tenore
1028 4021 1121 4100 Lydes
1134 4022 1242 4084 deinde

186 4107 352 4166 observabo
