2880 4792
282 299 349 373 114
583 327 804 376 Λητιυιιαιιι
826 323 1030 381 uurrourrr..

272 471 343 553 jam
358 470 485 558 antiqui
501 470 641 553 luerunt,
657 483 693 537 ut
707 474 791 560 prior
805 473 919 537 scholii
939 492 1013 558 pars
1028 469 1133 533 docet.
1180 464 1242 530 Sed
1262 486 1342 550 prae·

278 571 364 636 clara
387 582 436 637 est
459 573 615 659 posterior
640 575 682 639 ob
707 585 809 661 poctae
833 575 932 638 nostri
955 571 1189 647 testimonium,
1208 565 1290 630 forte
1309 565 1343 628 in

279 671 369 759 Lyde
390 674 555 760 injectum.
601 677 710 763 Atque
728 677 826 762 hujus
848 675 923 753 tide,
949 683 985 737 ut
1011 671 1068 758 qui
1098 669 1228 757 propior
1246 675 1342 730 aetate

279 771 412 838 istorum
430 777 612 862 mythorum
624 774 769 842 lontibus
781 786 858 855 erat,
867 776 926 840 niti
937 774 1126 838 debebimus
1138 772 1172 834 in
1186 769 1342 846 Homero,

280 884 317 939 ut
332 898 463 941 noverca
480 877 672 942 Aloidorum
692 878 902 965 accipiamus.
949 875 1045 950 Quod
1068 883 1101 938 et
1124 873 1201 937 olim
1223 893 1244 935 a
1266 890 1346 933 nou·

281 977 379 1041 nullis
403 978 534 1058 facturn,
548 978 655 1065 prodit
677 979 813 1043 alterum
839 978 984 1042 scholion
1004 974 1044 1040 ad
1066 998 1096 1039 v.
1118 973 1193 1038 385.
1216 970 1343 1035 verbis:

281 1081 301 1154 ἡ
316 1079 475 1167 Ἐρίβοια,
491 1083 590 1156 ἡτῶν
607 1077 789 1147 Ἀλινειόὡν
808 1081 951 1166 μητρυιά.
997 1075 1191 1163 Exemplum
1210 1073 1265 1138 hic
1288 1071 1346 1135 ha-

282 1180 406 1260 bemus,
431 1203 498 1268 quo
524 1182 574 1247 vel
600 1181 746 1268 abruptae
774 1204 792 1247 s
819 1179 992 1267 deperditis
1019 1177 1147 1264 scriptis
1176 1174 1344 1239 sententiae

282 1302 377 1344 usum
393 1303 489 1346 suum
504 1283 687 1346 ostendant.

760 1650 865 1715 LXX.

285 1887 497 1953 Pioruucrr.
514 1887 714 1975 Symposiac.
734 1887 795 1964 lV,
812 1887 841 1950 8.
859 1888 912 1950 ubi
934 1887 1161 1973 quaesiverant,
1180 1885 1261 1971 quid
1281 1885 1348 1949 sint

283 1989 370 2075 apud
387 1988 616 2074 Empedoclem
630 1988 715 2073 μῆλα
731 1987 916 2075 ὑπέρφλοια,
931 2011 963 2074 p.
979 1988 1054 2065 683,
1070 1987 1109 2050 Ε.
1140 1985 1283 2072 Scriptor
1298 1986 1346 2051 sic

284 2091 405 2176 pergit:
432 2093 591 2165 Εἰπόντος
611 2093 669 2157 οὖν
683 2093 758 2174 ἐμοῦ
777 2096 884 2166 ταῦτα,
902 2093 1115 2175 Γραμματικοί
1128 2117 1212 2163 τινες
1226 2089 1348 2172 ἐ’φασαν

285 2190 460 2276 ὑπέρφλοια
480 2190 630 2278 λελέχθαι
650 2194 688 2256 τὰ
709 2189 793 2274 μῆλα
815 2188 865 2257 διὰ
884 2194 943 2267 τὴν
964 2191 1077 2273 ἆκμίην.
1123 2192 1168 2256 Τό
1183 2192 1248 2275 γὰρ
1264 2191 1349 2275 ἄγαν

285 2291 434 2375 ἀκμάζειν
455 2298 503 2357 καὶ
526 2291 697 2369 τεθηλέναι,
715 2291 839 2377 φλοίειν
856 2295 918 2358 ὑπὸ
940 2296 1006 2358 τῶν
1028 2295 1169 2367 ποιητῶν
1189 2289 1348 2377 λέγεσθαι·

285 2395 406 2459 καὶτὸν
423 2395 620 2480 Ἀντίμαχον
643 2395 725 2460 οὕτω
745 2422 816 2468 πως
831 2392 1011 2478 φλοίουσαν
1028 2393 1170 2478 ὀπώραις
1195 2396 1346 2478 εἰρηκέναι

285 2497 343 2570 τὴν
361 2499 427 2560 τῶν
450 2491 614 2578 Καδμείαν
635 2493 743 2561 πόλιν.
790 2493 937 2579 Respicit
958 2493 1070 2558 eodem
1093 2493 1178 2557 alius
1200 2492 1346 2578 ejusdem

285 2593 356 2657 libri
373 2595 473 2671 locum
491 2593 553 2670 IX,
568 2596 600 2658 9.
617 2617 647 2679 p.
665 2596 738 2658 735.
763 2593 805 2657 D.
852 2598 897 2661 Τὸ
917 2598 1012 2680 θέρος
1033 2599 1082 2659 καὶ
1103 2595 1140 2658 τό
1156 2595 1346 2678 μετόπωρον

284 2730 337 2773 -,
354 2700 403 2761 ὀτε
424 2694 561 2779 μάλιστα
582 2695 717 2784 χλωρὰν
732 2702 780 2763 καὶ
797 2695 988 2781 φλοίουσαν,
1004 2699 1048 2770 ὡς
1063 2696 1262 2779 Ἀντίμαχος
1276 2694 1347 2778 ἔφη,

285 2800 344 2872 τὴν
359 2799 489 2881 ὀπώραν
500 2801 673 2882 γενομένην
689 2829 717 2864 κ.
733 2798 766 2863 λ.
812 2797 875 2861 Hic
891 2796 1026 2885 χλωρὰν
1041 2795 1083 2860 ad
1096 2795 1347 2859 illustrationem

286 2898 450 2984 sequentis
481 2898 567 2962 verbi
597 2899 724 2963 videtur
752 2899 794 2963 ab
824 2898 894 2984 ipso
924 2896 1099 2961 Plutarcho
1128 2897 1346 2983 praepositum.

286 2997 396 3062 Poetae
412 2999 500 3062 dicta
519 2999 642 3063 exitum
662 3022 771 3064 versus
791 3000 918 3064 efficere
942 3005 1127 3085 potuerunt,
1147 2997 1211 3062 hoc
1232 2998 1348 3062 modo:

288 3096 451 3182 Καδμείων
477 3097 509 3166 δὲ
535 3099 633 3166 πόλιν
654 3100 833 3187 φλοίουσαν
854 3102 1006 3186 ὀπώραις,
1025 3098 1058 3163 h.
1074 3121 1103 3164 e.
1131 3097 1349 3162 Thebanorum

287 3201 793 3288 urbemfructibusabundantem.
818 3201 934 3266 Forma
941 3210 998 3268 τοῦ
1013 3201 1148 3288 φλοίειν,
1162 3209 1198 3264 ut
1213 3211 1245 3264 et
1260 3200 1348 3264 verbi

288 3305 493 3391 significatio,
507 3328 524 3368 e
540 3306 710 3370 rarioribus
724 3314 784 3388 est,
800 3326 869 3382 nec,
884 3313 1045 3391 quantum
1063 3301 1165 3380 video,
1181 3310 1313 3366 enotata
1328 3322 1348 3365 a

289 3405 548 3492 Lexicographis.
604 3404 746 3493 llesych.
776 3415 883 3470 tamen
918 3403 1023 3490 φλίειν
1051 3402 1151 3467 habet
1186 3412 1221 3467 et
1256 3402 1346 3487 expl.

288 3512 402 3592 γίμειν,
418 3509 592 3595 εὐκαρπεῑν,
603 3507 832 3594 πολυκαρπεῖυ.
878 3505 1013 3569 Accedit
1028 3504 1149 3568 AElian.
1163 3503 1206 3567 V.
1224 3503 1267 3567 H.
1285 3502 1350 3581 ΙΙΙ,

286 3609 338 3671 41.
385 3612 430 3675 Τό
445 3608 660 3693 πολυκαρπεῖυ
675 3613 705 3674 οἶ
725 3610 854 3696 ὀρχαῖοι
874 3606 1043 3691 ὠνόμαζον
1063 3605 1187 3692 φλόειυ,
1204 3604 1279 3672 ὅθεν
1292 3607 1351 3672 τόν

290 3713 452 3776 Διόνυσον
464 3708 597 3776 Φλεῶυα
606 3708 751 3787 ἐκάλουν,
760 3709 800 3773 ad
813 3733 845 3796 q.
856 3708 913 3771 ΙΝ.
938 3707 1084 3771 Perizon.
1099 3706 1261 3770 Videntur
1274 3727 1349 3771 vero

289 3810 385 3896 φλίω,
395 3810 490 3896 φλίω,
500 3809 608 3895 φλείω,
621 3809 724 3896 φλίιω,
738 3809 841 3896 φλοίω
851 3830 960 3874 omues
969 3809 1096 3872 nonnisi
1106 3808 1240 3872 diversae
1252 3808 1348 3871 unius

290 3910 376 3974 verbi
386 3910 495 3974 lormae
504 3911 613 3989 fuisse,
625 3920 658 3975 et
670 3911 757 3975 notio
769 3910 889 3996 parilis,
898 3931 1023 3995 nempe,
1029 3908 1140 3993 plenam
1151 3931 1229 3987 sum,
1233 3907 1349 3994 ferar,

288 4012 393 4091 floreo,
398 4009 564 4098 fructibus
579 4011 735 4092 luxurior,
751 4012 792 4076 de
812 4011 978 4075 arboribus
994 4010 1025 4072 in
1042 4011 1153 4097 primis
1167 4018 1200 4074 et
1214 4010 1347 4074 vitibus,

290 4111 334 4175 Et
346 4114 391 4177 ita
407 4123 490 4176 recte
506 4114 548 4176 ab
564 4114 624 4176 hoc
640 4115 735 4177 verbo
755 4113 918 4176 derivatur
933 4111 1038 4197 φλόος
1056 4135 1081 4175 s.
1100 4111 1225 4196 φλοιός.
1274 4111 1349 4175 Non
