2880 4792
284 310 349 378 116
585 325 804 374 AN'I'IIIACIII
827 324 1031 378 RELIQUIAE.

281 475 405 560 Pericg.
418 475 492 537 525.
507 474 580 537 530.
611 472 706 536 Prius
720 494 836 535 nomen
849 480 990 535 tractum
1001 470 1115 534 dieunt
1123 470 1165 533 ab
1178 490 1338 555 aquarum

280 577 490 656 abundantia,
508 586 633 641 auctore
648 576 718 661 jam
734 575 905 638 Aristotele
919 596 971 660 ap.
988 573 1073 637 Plin.
1088 571 1131 636 H.
1148 571 1192 636 N.
1207 570 1268 649 IV,
1287 571 1337 635 l2.

280 682 331 744 22.
359 680 413 744 ubi
437 703 464 743 v.
491 677 650 742 Harduin.
697 676 912 740 Probabiliter
938 685 1045 741 tamen
1070 675 1156 738 11333
1183 673 1341 737 rationem

283 783 421 846 33311313
438 782 539 867 rejicit
556 779 709 846 Bochart.
725 779 765 842 de
781 778 850 842 Col.
865 778 981 841 Phoen.
1000 778 1027 857 1,
1045 777 1094 840 14.
1110 799 1144 863 p.
1160 777 1236 840 409.
1253 775 1341 837 insu-

282 881 409 966 lamque
424 879 532 966 potius
547 877 588 942 ob
601 878 774 964 hydrorum
788 897 844 939 seu
858 884 1040 961 serpentum
1055 874 1180 960 copiam
1194 872 1342 959 Hydrus-

283 1003 351 1045 sam
361 981 481 1044 dictam
494 1001 563 1043 esse
577 988 734 1043 autumat.
762 976 841 1041 Inde
851 987 936 1042 certe
948 977 1048 1040 altera
1061 975 1147 1040 venit
1159 973 1344 1062 appellatio,

282 1091 315 1146 et
329 1083 376 1146 sic
391 1081 532 1168 priscum
554 1102 669 1145 nomen
686 1079 812 1158 insulae,
829 1089 995 1165 poetarum
1011 1100 1110 1158 more,
1126 1078 1159 1141 in
1175 1077 1342 1164 epitheton

283 1183 324 1245 ab
340 1181 535 1245 Antimacho
557 1203 683 1244 versum
698 1201 865 1266 agnoscas.
911 1178 1040 1244 Miraris
1061 1187 1170 1243 autem
1188 1179 1272 1263 jure,
1284 1198 1344 1241 cur

285 1283 523 1347 Grammaticus
551 1281 581 1344 id
608 1282 726 1346 dixerit
748 1282 853 1344 minus
876 1282 956 1345 bene
979 1279 1112 1345 factum.
1158 1279 1292 1366 Nempe,
1316 1278 1345 1342 si

285 1406 358 1448 vera
372 1383 511 1469 conjecit
526 1382 701 1468 Spanhcm.
714 1383 747 1445 in
763 1381 928 1468 Aristoph.
941 1382 961 1445 l.
973 1403 1002 1446 c.
1018 1403 1113 1468 quem
1129 1381 1163 1444 in
1176 1381 1240 1446 hoc
1251 1380 1344 1468 sequi

285 1485 406 1564 malim,
418 1485 615 1548 existimavit
629 1485 665 1563 is,
679 1485 736 1572 qui
753 1484 896 1548 scholion
909 1482 1067 1571 appinxit,
1078 1493 1194 1548 terram
1209 1480 1344 1547 eandem

287 1609 348 1651 non
366 1587 461 1650 simul
477 1598 510 1651 et
526 1587 591 1650 allii
608 1597 641 1650 et
656 1597 839 1673 serpentum
851 1587 1022 1650 fecundam
1033 1608 1103 1650 csse
1118 1606 1222 1672 posse.
1247 1583 1344 1658 Quod

285 1711 384 1776 quam
411 1690 517 1766 docte,
538 1711 636 1775 quam
661 1689 790 1752 indocte
814 1688 1052 1763 existimaverit,
1075 1709 1202 1750 movere
1227 1708 1285 1749 nos
1311 1686 1344 1748 in

287 1789 357 1874 ipsa
373 1789 486 1852 scholii
504 1789 761 1874 interpretatione
774 1789 863 1853 nullo
876 1789 969 1853 modo
984 1789 1088 1852 debet.
1132 1787 1220 1851 'leno
1235 1787 1346 1873 itaque

287 1891 429 1954 manebit
444 1891 552 1954 allium
570 1913 674 1968 suum,
689 1902 818 1955 auctore
838 1891 906 1978 ipso
921 1891 1137 1977 Aristophane
1153 1890 1173 1952 1.
1189 1890 1223 1967 1.,
1238 1911 1347 1953 mane-

288 1993 371 2056 bunt
386 1992 481 2055 etiam
498 2003 671 2078 serpentes,
686 1993 833 2078 quamvis
847 1993 881 2054 hi
897 1993 994 2056 odore
1009 1992 1074 2054 allii
1096 1991 1184 2076 abigi
1199 1991 1349 2053 dicantur

288 2094 459 2157 veteribus.
484 2117 512 2156 v.
531 2093 616 2157 Plin.
633 2093 714 2173 XX,
734 2095 765 2158 6.
786 2096 840 2157 23.
887 2094 971 2157 Nam
994 2094 1109 2180 partim
1133 2093 1245 2179 primis
1269 2103 1348 2156 tem-

289 2197 419 2281 poribus
435 2206 619 2282 serpentum
633 2198 724 2283 copia
737 2197 885 2260 infestare
897 2196 1034 2259 insulam
1046 2195 1162 2281 potuit,
1177 2205 1258 2258 utet
1270 2194 1349 2257 alias

289 2297 485 2361 infestarunt
499 2299 643 2385 regiones
658 2299 765 2363 adbuc
786 2300 936 2377 incultas,
952 2299 1037 2362 unde
1053 2320 1167 2361 nomen
1184 2296 1351 2382 Ophiussa

240 2472 247 2485 ‚
291 2399 385 2463 haesit
407 2401 562 2486 pluribus.
609 2424 637 2463 v.
655 2401 829 2486 Spanhem.
848 2401 888 2465 de
904 2400 944 2464 V.
960 2410 994 2464 et
1011 2400 1048 2463 P.
1068 2400 1109 2463 N.
1124 2399 1161 2464 Τ.
1180 2399 1204 2461 1.
1222 2422 1256 2486 p.
1273 2400 1347 2463 319.

291 2502 413 2566 Partim
425 2512 457 2566 et
473 2503 505 2565 in
522 2502 593 2565 aliis
608 2503 653 2565 ita
668 2512 782 2566 natura
793 2502 933 2588 benigna
945 2502 1032 2586 fecit,
1049 2512 1085 2565 ut
1096 2502 1264 2578 malorum,
1276 2524 1348 2587 quae

290 2604 442 2682 dedisset,
460 2603 599 2667 remedia
615 2603 799 2667 hominibus
814 2626 879 2668 nou
897 2603 1097 2668 recusaverit.
1133 2602 1250 2667 Noxiis
1265 2603 1348 2666 cuim

291 2707 449 2770 morsibus
481 2705 659 2790 viperarum
690 2705 841 2770 curandis
870 2705 982 2769 allium
1009 2714 1132 2768 veteres
1162 2704 1348 2769 adhibuere.

293 2807 461 2894 Quidquid
487 2806 539 2884 sit,
553 2807 661 2870 Tenus
687 2808 853 2894 anguifera
877 2808 957 2871 bene
982 2807 1047 2870 dici
1072 2829 1091 2870 a
1117 2815 1212 2892 poeta
1234 2805 1349 2893 potuit.

295 2910 388 2972 Dixit
397 2920 504 2973 autem
518 2912 698 2994 ὀφιοέσσης,
709 2932 775 2995 quo
788 2909 819 2971 id
831 2931 960 2995 cunque
970 2910 1040 2973 loco
1050 2907 1083 2970 13
1091 2929 1184 2972 versu
1197 2907 1351 2994 posuerit,

292 3012 393 3098 prima
414 3011 539 3095 syllaba
559 3010 726 3096 producta,
748 3012 836 3097 quod
855 3010 1142 3074 insolentissimum
1157 3021 1217 3075 est.
1264 3004 1350 3083 Quid

293 3112 411 3198 igitur?
449 3122 633 3196 corruptum
667 3111 811 3176 dicamus
843 3111 1056 3176 vocabulum?
1117 3111 1217 3177 Nullo
1246 3114 1351 3176 moda.
1426 3182 1430 3188 ,

297 3213 402 3277 113133
424 3214 488 3277 huc
506 3213 656 3299 pertinet,
671 3214 758 3299 quod
775 3213 898 3294 Clark,
913 3215 984 3278 1333
994 3215 1064 3299 jam
1086 3216 1128 3279 ad
1149 3214 1201 3278 Fr.
1219 3214 1352 3278 XXIII.

293 3317 404 3395 citata,
423 3317 464 3380 de
489 3315 591 3402 prima
614 3316 887 3403 polysyllaborum
911 3327 1023 3380 contra
1046 3326 1193 3381 naturam
1218 3318 1353 3382 subinde

293 3419 451 3506 producta
471 3417 704 3481 animadvertit.
751 3417 920 3496 Nimirum,
937 3419 998 3482 nisi
1020 3419 1053 3481 in
1074 3418 1194 3482 talibus
1216 3419 1278 3483 boc
1293 3419 1353 3483 sibi

294 3519 387 3581 licere
403 3525 506 3602 poetae
522 3513 704 3601 putassent,
723 3537 784 3579 333
799 3538 908 3579 331331
930 3517 1059 3581 3133133
1078 3517 1239 3581 abstinere
1261 3517 1355 3582 debe·

293 3618 383 3683 bant.
428 3616 567 3680 Accedit
591 3615 630 3678 ad
655 3615 715 3679 1133
739 3617 1013 3701 pronunciationis
1033 3617 1146 3682 veteris
1170 3617 1263 3697 ratio,
1288 3639 1353 3703 qua

293 3719 432 3782 litteram
447 3747 471 3783 π
487 3718 519 3780 13
536 3731 557 3802 φ
574 3718 726 3780 latentem
747 3719 859 3782 eodem
875 3720 969 3783 modo
991 3720 1070 3783 forte
1084 3719 1304 3806 geminabant,
1321 3727 1355 3782 ut
1422 3766 1424 3771 -

295 3821 327 3883 13
344 3820 414 3884 31113
430 3819 589 3898 consonis,
603 3818 770 3884 scribendo
785 3842 849 3882 333
865 3820 1050 3907 duplicatis
1060 3821 1206 3886 similiter
1221 3823 1355 3901 factum,

295 3923 334 3985 de
355 3942 420 4008 quo
440 3943 470 3982 v.
486 3920 613 3982 doctam
637 3919 768 3982 Praefat.
785 3921 894 3984 Wolfii
919 3923 959 3985 ad
987 3923 1083 3986 Hom.
1102 3924 1140 3988 11.
1156 3946 1188 4009 p.
1207 3923 1353 3987 XXXV.

294 4023 368 4085 Jam
385 4022 411 4086 si
427 4021 648 4086 auctoritatem
670 4020 777 4084 adhuc
794 4023 910 4106 quaeris
928 4026 1104 4104 certiorem,
1120 4025 1254 4089 habebis
1270 4025 1354 4089 hanc

293 4125 325 4186 111
336 4125 405 4208 ipso
416 4123 554 4186 Homero
565 4122 699 4209 ipsaque
712 4145 787 4202 voce
800 4125 883 4208 ὄφις,
893 4123 925 4186 13
937 4126 1050 4190 ultima
1061 4127 1187 4212 regione
1197 4128 1356 4197 collocata
