2880 4792
192 313 239 381 82
495 331 717 380 surruacru
745 330 949 387 aerioma..

193 500 221 544 c.
237 476 322 543 conf.
337 477 412 542 422.
437 475 547 541 Finale
563 507 582 544 ν
596 477 630 541 in
646 476 753 562 ἔλαχε,
769 477 857 564 quod
871 476 998 542 addunt
1009 479 1075 556 alii,
1086 489 1252 567 postrema
1316 557 1320 565 ι

192 580 325 667 syllabae
337 562 459 645 cabira
472 579 583 644 inutile
599 579 685 644 facit.
732 579 772 644 V.
785 582 816 644 2.
832 580 936 646 elsarn
952 579 1105 647 Eustath.
1123 581 1144 646 l.
1159 603 1186 645 o.
1200 603 1254 646 ex·

194 682 294 769 plicat
305 679 426 769 lipom,
441 682 554 767 posuit.
600 681 681 746 Mox
701 680 895 747 Maussacus
909 682 951 745 ad
976 681 1172 770 Harpocrat.
1187 683 1254 746 ani·

194 806 283 848 mum
298 783 362 848 alio
377 784 482 847 forsan
503 784 661 848 intentum
684 782 808 866 habuit,
824 783 902 848 dum
921 784 1061 848 correxit
1075 784 1255 862 Ἀσώπονο;

195 885 321 949 nullum
336 884 456 971 quippe
471 884 603 948 fluvium
626 907 696 950 esse
712 883 879 971 AEsepum,
896 895 930 950 et
947 885 1036 950 hunc
1055 886 1255 950 librariorum

197 987 276 1051 vitio
296 996 419 1050 natum.
464 987 593 1073 Asopus
610 985 745 1051 Boeotioe
767 996 825 1065 est,
846 1008 920 1051 cum
937 985 1080 1072 AEsepus
1095 987 1140 1051 ait
1155 987 1258 1074 Lyciae

197 1110 253 1151 seu
266 1086 411 1165 Troadis,
425 1088 466 1153 de
481 1109 548 1174 quo
565 1086 661 1151 Hom.
683 1086 722 1151 ll.
739 1086 778 1173 β.
802 1088 874 1152 825.
898 1088 1019 1175 aliique
1035 1088 1159 1177 saepiss.
1206 1088 1257 1152 cf.

199 1189 345 1276 Apollon.
363 1188 429 1253 Ru.
453 1187 481 1267 l,
509 1190 601 1252 lll5.
624 1198 657 1253 et
681 1189 724 1252 ibi
746 1187 853 1253 Schol.
887 1188 928 1252 V.
943 1192 973 1252 4.
998 1187 1185 1277 Ἀδρήστεια
1200 1191 1262 1276 pri·

199 1313 286 1354 mum
311 1291 409 1377 igitur
432 1291 589 1376 adjective
611 1290 755 1365 (Adrasti
783 1290 858 1368 dea)
879 1312 919 1354 ex
943 1301 1051 1355 mente
1074 1291 1261 1355 Antimachi

201 1391 347 1456 Nemesis
369 1403 482 1457 vocata
508 1401 567 1469 est,
589 1390 677 1478 quod
708 1412 823 1455 nomen
845 1392 981 1478 posthac
1005 1392 1102 1457 vertit
1131 1394 1166 1457 in
1195 1416 1264 1480 pro·

200 1493 315 1577 prium.
363 1493 472 1578 Atque
495 1492 539 1556 ita
562 1491 714 1557 Nemesin
737 1494 872 1558 eandem
897 1493 990 1557 deam
1013 1513 1087 1557 oum
1103 1493 1265 1558 Adrastea

201 1593 325 1673 habuit,
343 1603 381 1658 ut
404 1594 547 1681 plerique
572 1594 637 1672 alii,
653 1593 749 1658 etiam
775 1595 858 1658 inter
878 1592 1053 1659 Romanos.
1100 1594 1261 1660 Ammian.

202 1693 351 1759 Marcell.
371 1693 464 1758 XlV.
486 1717 517 1780 p.
534 1696 586 1759 34.
606 1696 656 1760 ed.
680 1694 805 1759 Ernesti
827 1695 868 1760 V.
891 1695 959 1760 Cel.
984 1695 1151 1774 Adrastia,
1171 1718 1265 1782 quom

201 1795 351 1861 vocabalo
366 1796 486 1881 duplici
498 1797 593 1860 etiam
618 1794 760 1861 Nemesin
781 1796 988 1882 appellamur.
1036 1797 1265 1862 Grammaticis

202 1898 274 1962 alioe
290 1897 456 1962 Adrasteoe
473 1899 653 1963 notationes
668 1898 773 1985 magis
788 1899 987 1984 placuerunt.

684 2232 794 2297 XXV.

293 2453 415 2561 Λὲχμε
436 2450 472 2535 di
494 2450 646 2557 dpraroivp
668 2448 793 2558 τὲμνων
813 2451 891 2531 cirri
908 2449 1017 2557 μῆίεοο
1036 2451 1170 2557 πατρίς

292 2566 441 2671 Οὐρανοῦ
457 2560 657 2670 Ἀκμονίδεω
678 2562 798 2652 λοίοτος
814 2561 931 2665 Κρόνος
950 2559 1190 2644 οἷντντέτυνιτο.

211 2806 421 2869 Pauraucu.
439 2800 565 2874 Quaest.
581 2797 674 2863 Rom.
691 2822 721 2885 p.
732 2801 806 2863 275.
823 2799 862 2862 A.
888 2802 949 2866 Διὰ
964 2806 994 2866 τί
1008 2805 1053 2886 τῳ
1067 2808 1124 2867 τοῦ
1142 2805 1271 2887 Κρόνου

210 2913 276 2994 ναῳ
301 2911 440 2994 χρῶνται
465 2906 578 2987 ταμείῳ
599 2907 663 2968 τῶν
688 2899 849 2986 δημοσίων
876 2904 1057 2988 χρημάτων,
1073 2904 1135 2986 ἅμα
1164 2900 1195 2969 δὲ
1224 2910 1272 2970 καὶ

212 3010 411 3096 φυλακτηρίῳ
426 3009 491 3071 τῶν
507 3002 719 3090 συμβολαίων
733 3028 741 3082 ;
770 3007 913 3090 Πότερον
928 3007 976 3069 ὅτι
991 3001 1070 3078 δόξα
1087 3015 1209 3092 κατεῖχε
1225 3011 1272 3071 καὶ

212 3111 327 3196 λόγος,
353 3111 410 3174 οὐκ
441 3107 519 3172 εἶναι
548 3104 738 3179 πλεονεξίαν
764 3109 797 3172 ἐν
827 3103 1011 3191 ἀνθρώποις
1041 3103 1114 3172 οὐδὲ
1142 3103 1274 3183 ἆδικίαν,

214 3213 342 3297 Κρόνου
363 3207 608 3296 βασιλεύοντος,
631 3206 717 3272 ἀλλὰ
741 3212 848 3273 πίστιν
871 3213 919 3272 καὶ
940 3204 1163 3285 δικαιοσύνην,
1188 3208 1207 3284 ἢ
1228 3212 1275 3274 ὅτι

213 3314 342 3399 καρπῶν
362 3309 485 3396 αρετῆς,
507 3309 527 3384 ἢ
550 3313 709 3394 γεωργίας
731 3309 858 3394 ἡγεμὼν
882 3312 900 3373 ὁ
922 3310 1016 3386 &⁶695
1038 3306 1078 3374 ‘H
1103 3310 1169 3395 γὰρ
1193 3310 1276 3395 ἅρπη

213 3421 306 3480 τοῦτο
327 3417 478 3497 σημαίνει,
498 3415 548 3475 καὶ
564 3410 645 3496 οοὐχ,
668 3411 712 3485 ὡς
736 3413 895 3495 γέγραφεν
914 3408 1122 3495 Ἀντίμαχος,
1136 3407 1276 3495 Ἡσιόδῳ

214 3516 411 3598 πειθόμενος·
438 3514 551 3598 Λίχριε
565 3539 593 3575 κ.
616 3509 647 3574 λ.
697 3510 799 3574 Locus
824 3509 969 3588 Hesiodi,
992 3509 1049 3596 qui
1075 3509 1275 3596 designatur,

214 3617 312 3680 estin
329 3616 451 3701 'lheog.
470 3637 498 3677 v.
518 3613 590 3676 160.
609 3634 693 3699 sqq,
709 3612 764 3675 ubi
786 3612 896 3676 sabula
916 3612 957 3676 de
974 3611 1058 3676 Coeli
1078 3612 1275 3698 genitalibus

215 3737 235 3779 a
250 3715 359 3780 Crono
379 3717 445 3779 filio
461 3713 611 3779 exsectis.
658 3713 698 3777 In
712 3713 855 3778 versibus
877 3713 953 3779 hinc
968 3712 1126 3799 expressis
1149 3723 1277 3777 senten-

216 3819 295 3883 tiam
309 3838 374 3880 non
397 3816 526 3880 omuino
547 3815 676 3902 assequi
697 3815 784 3895 lieet,
799 3837 873 3879 cum
893 3815 1012 3879 divulsi
1033 3813 1098 3878 sint
1118 3816 1277 3902 areliqua

187 3919 368 3991 mationa.
416 3917 455 3982 ln
476 3917 578 4004 primo
604 3916 712 3980 statim
739 3916 961 4002 corrigendum
986 3925 1067 4003 puto
1088 3915 1206 4005 λεχρία
1229 3918 1278 3982 νε1

217 4022 340 4111 λέχρις,
357 4021 446 4108 quod
464 4019 652 4085 adverbium
675 4017 835 4105 Apollonii
851 4016 917 4082 Rh.
933 4019 1157 4083 auctoritatem
1179 4019 1279 4083 habet

219 4121 453 4202 111,238.,ubi
471 4119 625 4187 Scholia
639 4119 792 4206 πλαγίαν.
840 4122 892 4184 An
913 4120 974 4185 hoe
995 4121 1074 4185 forte
1096 4121 1136 4185 ad
1159 4121 1278 4208 λόχον,
