2880 4792
271 308 319 378 98
579 327 802 377 aurisracnr
825 327 1029 384 nunionis..

273 476 408 563 vestigia
422 476 476 540 ille
488 486 648 562 sequutus
665 474 762 540 videri
780 476 894 562 possit.
927 475 1052 541 Eadem
1065 482 1175 537 narrat
1188 469 1339 558 Apollod.

277 578 304 658 l,
319 580 349 643 9.
366 579 431 655 23,
444 578 555 642 relicto
572 576 768 663 Pherecyde,
784 577 931 664 quicum
951 577 1118 642 Herodoro
1132 575 1307 638 draconem
1323 593 1343 634 a

275 679 395 745 Jasone
411 679 555 745 occisum
571 678 758 743 tradiderat.
804 678 856 745 cf.
870 677 977 744 Schol.
987 679 1027 744 ad
1039 678 1188 766 Apollon.
1201 673 1266 738 Rh.
1284 672 1343 753 IV,

276 784 344 861 87,
360 781 415 846 ubi
439 781 534 846 simul
554 780 713 861 videmus,
732 780 1005 867 Naupacticorum
1024 790 1153 868 poetam
1173 776 1303 863 longius
1324 797 1344 838 a

277 884 411 968 vulgata
436 883 547 947 fabula
570 884 611 947 de
635 882 749 947 vellere
774 883 953 948 recessisse.
1001 882 1154 947 Ceterum
1179 879 1222 942 cf.
1239 876 1340 962 Orph.

278 986 356 1071 Arg.
372 985 445 1048 986.
458 1008 530 1072 sqq.
547 985 718 1070 pulchrum
730 986 848 1064 locum,
857 986 914 1072 qui
929 982 1116 1050 Antimachi
1128 980 1340 1046 narrationem

279 1087 446 1151 ambitiose
461 1097 608 1152 exornat.
840 1094 844 1107 '

752 1412 875 1478 XLVI.

285 1637 379 1700 lnam
397 1640 437 1703 ad
456 1636 515 1717 IV,
529 1639 604 1703 259.
651 1637 804 1714 Ἠσίοδος
822 1644 871 1704 καὶ
894 1636 1055 1723 Πίνδαρος
1076 1641 1109 1704 ἐν
1133 1637 1346 1717 Πυθιονίκαις,

283 1747 330 1805 καί
343 1741 538 1827 Ἀντίμαχος
550 1745 584 1808 ἐν
597 1738 694 1827 Λίνδῃ,
704 1738 754 1807 διὰ
766 1747 823 1805 τοῦ
837 1741 990 1807 Ὠκεανοῦ
1005 1746 1102 1825 φησὶν
1113 1738 1220 1807 ἐλθεῖν
1231 1743 1348 1817 αὐτοὺς

284 1846 327 1917 είς
355 1841 490 1930 Λιβύην,
515 1850 563 1909 καὶ
588 1840 817 1928 βαστάσαντας
843 1845 901 1919 τὴν
925 1843 1032 1928 Ἀργὼ
1064 1846 1109 1917 εἰς
1134 1844 1172 1908 τὸ
1200 1844 1349 1930 ἡμέτερον

283 1944 427 2031 πέλαγος
441 1943 595 2032 γενέσθαι.
644 1943 781 2030 Mythus
796 1944 837 2007 de
851 1943 1111 2030 Argonautarum
1132 1945 1250 2022 reditu,
1267 1946 1349 2009 mul·

284 2055 387 2107 torum
412 2056 577 2130 poetarum
603 2045 742 2132 ingeniis
770 2047 1002 2131 frequentatus,
1028 2045 1108 2109 mire
1135 2045 1287 2126 variatur,
1311 2055 1350 2111 ut

285 2155 395 2209 notum
420 2157 478 2211 est.
526 2145 568 2210 V.
590 2148 722 2212 Gesner.
744 2148 784 2212 ad
809 2145 942 2234 Orphic.
964 2147 1039 2232 Arg.
1065 2169 1098 2233 p.
1120 2148 1196 2228 427,
1219 2170 1295 2234 sqq.
1317 2158 1350 2212 et

285 2247 428 2332 inprimis
454 2247 504 2311 lll.
522 2248 633 2335 Heyn.
656 2250 696 2314 ad
716 2249 865 2336 Apollod.
885 2272 917 2337 p.
937 2250 1025 2328 206,
1046 2249 1142 2334 cujus
1165 2248 1262 2313 verba
1286 2249 1350 2314 huc

284 2349 434 2414 facientia
446 2349 583 2436 adjicere
591 2351 686 2416 liceat
699 2377 706 2414 ε
733 2351 909 2417 Hecataeus
918 2372 958 2415 ex
969 2350 1112 2414 Phaside
1122 2351 1153 2413 in
1165 2349 1349 2432 Oceanum,

285 2452 360 2516 inde
390 2453 423 2517 in
452 2451 577 2534 Nilum,
606 2475 645 2517 ex
672 2453 733 2517 hoc
764 2454 797 2516 in
833 2453 968 2539 patriam
997 2450 1190 2538 navigbsse:
1226 2453 1351 2519 scilicet

285 2552 451 2618 Orientem
465 2554 710 2618 circumvectos:
735 2556 815 2619 forte
827 2555 941 2620 eadem
953 2562 1112 2641 sequutus
1125 2562 1176 2616 est
1187 2551 1351 2617 Pindarus

286 2654 385 2742 Pyth.
403 2655 462 2736 IV,
475 2657 527 2721 34.
547 2679 595 2744 sq.
612 2657 685 2720 447.
701 2666 735 2721 et
752 2678 828 2721 cum
843 2678 881 2721 eo
897 2654 1060 2720 Hesiodus
1080 2664 1114 2718 et
1133 2654 1351 2719 Antimachus

286 2756 318 2820 in
331 2759 431 2845 Lyde,
442 2758 501 2822 nisi
519 2759 606 2845 quod
620 2781 682 2823 non
696 2782 753 2844 per
764 2759 888 2839 Nilum,
900 2758 954 2822 sed
967 2757 1099 2845 navigio
1110 2767 1200 2821 trans
1215 2757 1349 2846 Libyam

284 2860 428 2924 humeris
453 2871 580 2947 portato
606 2883 661 2948 per
686 2860 883 2926 Tritonidem
909 2859 1062 2947 paludem
1087 2881 1174 2924 mare
1200 2859 1351 2924 mediter-

286 2983 415 3026 raneum
431 2962 568 3027 intrbsse
583 2973 799 3028 narraverant.

750 3286 889 3351 XLVII.

289 3513 414 3577 Sciron.
431 3512 580 3600 Apollon.
596 3509 659 3573 Rh.
678 3509 737 3587 lV,
757 3511 849 3574 l153.
883 3508 1012 3588 Ἰστέον,
1028 3515 1075 3577 ὅτι
1091 3518 1223 3594 Τιμαίου
1239 3513 1352 3609 λέγον·

289 3644 356 3693 τος,
373 3618 407 3681 ἐν
429 3618 569 3701 Κερκύρᾳ
591 3616 667 3687 roilo
684 3610 809 3697 γάμους
829 3610 976 3698 ἀχθῆναι.
1022 3616 1196 3691 Διονύσιος
1212 3619 1231 3680 ὁ
1248 3613 1352 3690 Μιλή·

290 3745 359 3791 σιος
389 3719 423 3780 ἐν
451 3713 581 3801 δευτέρῳ
599 3718 673 3792 τῶν
704 3715 960 3799 Ἀμγουαυτικῶυ
986 3718 1020 3780 ἐν
1052 3713 1216 3801 Βυζαντίῳ
1245 3721 1351 3802 φησίν.

290 3822 486 3902 Ἀντίμαχος
501 3819 533 3882 ἐν
549 3813 637 3902 Λΰδῃ
651 3813 792 3891 πλησίον
806 3822 862 3880 τοῦ
878 3822 1024 3900 ποταμοῦ
1038 3826 1167 3901 μιγῆναι
1181 3818 1262 3904 αὐτῇ
1278 3823 1352 3903 φησὶ

211 4003 214 4008 ¹
290 3922 347 3985 τὸν
361 3916 497 3984 Ἰάσονα.
523 3916 573 3980 De
588 3918 668 3995 loco,
685 3916 737 3979 ubi
753 3915 772 3980 J
776 3917 882 3980 asonis
894 3938 968 3979 cum
983 3916 1100 3980 Medea
1112 3918 1234 4003 nuptioe
1247 3918 1352 4008 factes,

291 4020 378 4082 fama
392 4042 457 4083 non
479 4019 635 4082 convenit.
682 4017 830 4103 Apollon.
846 4019 869 4080 l.
882 4019 904 4082 l.
922 4019 1108 4104 speluncam
1124 4019 1157 4081 in
1174 4018 1349 4084 Phaeacum

290 4119 395 4184 insula
419 4121 526 4198 habet,
553 4119 707 4184 Macridis
731 4119 807 4183 olim
830 4120 1026 4184 habitatione
1047 4120 1252 4199 celebratam,
1277 4143 1350 4186 ean·
