2880 4792
192 294 234 365 ld
490 318 710 365 nurrunrnr
734 316 936 371 intrantia.

187 457 265 523 mibi
281 459 389 524 videor
408 460 586 549 collegisse,
601 484 665 528 non
688 463 853 528 minimam
874 461 934 527 aevi
958 470 1083 548 partem
1106 481 1128 525 a
1149 471 1243 548 poeta

187 558 374 646 Colophone
387 571 594 628 transactam.

231 661 354 750 Lyden,
369 665 465 751 cujus
485 666 680 730 mentionem
704 666 799 730 modo
820 666 927 751 injeci,
942 665 976 728 in
996 663 1096 728 choro
1111 661 1244 727 femina-

185 784 257 828 rum
279 765 354 829 olim
375 766 547 831 celebrium
571 767 679 845 fuisse,
695 789 735 831 ex
757 789 796 832 eo
815 767 923 831 statim
948 765 1133 852 suspiceris,
1155 764 1242 851 quod

186 886 275 930 amor
293 866 355 931 fuit
370 879 483 954 poetoe.
529 867 632 956 Atqui
654 868 755 934 honor
774 870 846 954 ejus
866 890 904 933 eo
925 867 1024 932 crevit
1045 865 1154 944 latius,
1170 887 1243 929 cum

187 976 310 1033 amator
333 970 493 1035 memoriae
522 970 598 1034 huic
629 970 791 1057 proprium
818 968 961 1034 dicheset
989 976 1243 1033 monumentum.

189 1066 276 1134 Hinc
300 1072 428 1151 eccidit,
450 1083 486 1137 ut
512 1072 598 1159 Lyde
622 1094 683 1136 non
701 1072 798 1136 omnis
817 1086 942 1135 mortuo
960 1070 1013 1149 sit,
1032 1066 1245 1154 nonnullaque

186 1172 253 1255 ejus
262 1193 341 1255 pars
355 1169 465 1236 vitririt
485 1171 680 1237 Libitinam:
704 1173 834 1252 accidit,
847 1172 931 1250 dico,
942 1171 1029 1249 hinc,
1041 1179 1079 1234 ut
1093 1169 1127 1232 in
1144 1168 1246 1255 poetis

187 1271 363 1335 etiamnum
390 1272 476 1337 illius
503 1296 617 1339 nomen
642 1285 674 1339 ct
700 1274 786 1338 fama
811 1273 992 1339 occurrat*
1050 1270 1102 1335 lta
1123 1271 1244 1335 scimus

187 1372 296 1450 etiam,
308 1374 447 1459 puellam
463 1396 503 1439 ex
519 1375 622 1463 Lydia
637 1376 737 1442 fuisse
753 1375 957 1453 oriundam,†
971 1394 1109 1459 eamque
1124 1372 1243 1436 ibidem

188 1471 362 1552 habitione,
376 1475 408 1538 id
425 1477 512 1563 quod
530 1478 709 1542 narratione
724 1478 795 1563 jam
819 1473 1090 1541 Hermesienuctis
1106 1494 1173 1537 non
1189 1472 1246 1537 ob-

188 1594 279 1638 scure
300 1576 456 1661 proditur.
503 1577 653 1643 Ceterum
677 1589 767 1659 aunt,
788 1579 844 1666 qui
870 1577 982 1664 Lyden
1007 1597 1071 1640 non
1096 1574 1245 1652 amicam,

187 1675 242 1738 sed
259 1699 392 1743 uxorem
407 1679 592 1744 Antimachi
610 1680 751 1760 tradant,
771 1679 949 1744 Plutarcho
970 1701 1029 1742 suo
1049 1675 1157 1760 freti,‡
1172 1675 1247 1761 qui·

228 1882 243 1913 '¹
266 1879 440 1960 Posidippus
455 1882 482 1940 in
500 1883 596 1960 Epigr.
613 1884 650 1940 X.
665 1882 799 1941 Analect.
816 1880 944 1940 Brunck.
957 1879 991 1937 T.
1007 1878 1152 1956 lipia.

310 2015 438 2077 Ναννοῦς
452 2013 495 2068 rol
510 2009 603 2081 Λύδης
617 2012 708 2088 ἐπίχει
723 2011 782 2081 δυο,
797 2012 841 2067 καὶ
854 2007 910 2088 φέρ’
924 2009 1058 2086 ἐραστῶν,

349 2104 511 2180 Μιμνέρμου
522 2105 565 2160 rol
580 2110 627 2160 τοῦ
642 2104 781 2180 σώφρονος
793 2100 976 2179 Ἀντιμάχου.
993 2123 1018 2158 κ.
1032 2104 1061 2157 λ.

188 2225 275 2284 Ovid.
291 2226 376 2286 Trist.
392 2229 417 2286 l.
434 2229 462 2286 6.
479 2227 570 2305 princ.

309 2357 373 2415 Nec
386 2365 500 2414 tautum
516 2356 612 2415 Clario
627 2356 705 2436 Lyde
720 2356 828 2415 dilecta
842 2364 949 2433 poetae,

351 2447 414 2505 Nec
427 2456 542 2506 tantum
557 2448 620 2506 Coo
636 2448 728 2506 Battis
743 2456 840 2506 amata
855 2466 908 2504 sua
922 2456 983 2504 estr

310 2538 478 2598 Pectoribus
492 2550 634 2618 quantum
649 2551 680 2598 tu
697 2540 810 2609 uostris,
827 2539 918 2610 Uxor,
934 2538 1065 2608 inhaeres,

352 2631 450 2709 Digna
464 2631 559 2690 minus
573 2631 688 2702 misero,
704 2651 764 2689 non
777 2630 894 2689 meliore
907 2630 977 2688 viro.

84 2764 87 2779 ¹
189 2748 319 2825 Propert.
336 2748 375 2806 ll.
392 2752 440 2807 34.
456 2752 506 2808 45.
523 2749 574 2826 (al.
592 2748 675 2826 Eleg.
690 2749 756 2823 25.)

348 2868 393 2926 Tu
408 2889 465 2927 non
482 2870 667 2942 Antimacho,
683 2890 740 2928 non
755 2869 844 2929 tutior
858 2868 911 2928 ibis
927 2869 1055 2927 Homero

187 2987 312 3044 Amaute
334 2985 443 3045 scilicet
464 2988 641 3066 Penelopen.
667 3009 694 3047 v.
718 2987 900 3063 Hermeeian.
924 2986 1007 3064 Eleg.
1028 3005 1056 3045 v.
1080 2987 1131 3044 29.
1153 2995 1184 3044 et
1203 2985 1244 3044 ibi

187 3086 247 3135 not.
264 3088 294 3135 et
309 3077 446 3138 Burman.
463 3079 529 3137 Sec.
546 3079 583 3138 ad
601 3080 658 3139 loc.
675 3081 762 3157 Prop.
778 3079 885 3139 collato
904 3090 1002 3138 nostro
1016 3077 1135 3136 Barthio
1149 3077 1187 3137 V.
1205 3077 1242 3137 C.

187 3170 216 3227 in
231 3169 314 3228 Clavi
331 3170 418 3249 Prop.
437 3171 572 3230 Ceterum
589 3193 615 3231 v.
634 3172 710 3231 Ptol.
728 3171 819 3230 Flavii
834 3172 995 3251 Coujectan
1011 3169 1063 3229 IV.
1080 3171 1130 3229 98.

227 3272 244 3334 †
268 3261 455 3339 Asclepiades
470 3264 570 3342 Epigr.
589 3265 730 3323 XXXVl.
752 3284 800 3343 ap.
817 3264 945 3322 Brunck.
968 3263 997 3320 in
1013 3260 1099 3319 Anal.
1115 3260 1149 3319 T.
1170 3261 1194 3320 1.
1211 3279 1241 3338 p.

186 3355 265 3426 219,
280 3354 364 3432 cujus
379 3355 511 3415 notitiam
526 3355 618 3416 debeo
633 3357 697 3416 Cel.
714 3357 890 3415 Ruhnkenio
905 3355 941 3414 ad
958 3355 1089 3413 Hermes.
1108 3352 1193 3430 Eleg.
1210 3373 1240 3432 p.

186 3447 254 3505 291.

307 3527 385 3598 Λΰδη
400 3529 439 3586 καὶ
453 3532 535 3602 γένος
548 3531 606 3606 εἶμί
620 3532 663 3586 καὶ
677 3527 791 3607 οὕνομα·
807 3537 862 3586 τῶν
875 3527 897 3585 δ’
907 3527 963 3586 ἀπὸ
979 3525 1088 3604 Κόδρου

349 3624 501 3698 Σεμνοτέρη
516 3626 615 3678 ποσῶν
628 3622 683 3698 εἶμὶ
699 3618 732 3677 δι’
746 3620 932 3698 Ἀντίμαχον.

306 3707 357 3775 Tic
372 3716 427 3788 γὰρ
441 3711 481 3790 ἔμ’
495 3714 543 3769 οὒκ
556 3713 647 3780 lieren
670 3716 711 3776 τίς
725 3714 773 3768 οὒκ
786 3712 935 3777 hiantium
951 3708 1045 3779 Λύδην

347 3800 387 3859 Τὸ
398 3802 481 3869 ξυνὸν
496 3808 619 3860 Μουσῶν
634 3803 750 3879 γράμμα
763 3805 807 3859 καὶ
822 3800 1006 3880 Ἀντιμάχου.

226 3937 239 4000 1
267 3929 416 3988 Consolat.
438 3929 475 3988 ad
501 3927 636 4008 Apellen.
656 3949 686 4008 p.
714 3931 780 3988 106.
804 3930 838 3989 B.
859 3929 935 4002 lo'co,
957 3930 995 3988 ab
1017 3929 1152 3988 Turnebo
1174 3929 1242 3989 iude

186 4021 338 4080 Adrereer.
354 4042 384 4101 p.
403 4022 469 4079 195.
486 4040 503 4079 a
518 4020 648 4099 pluribus
662 4019 800 4095 adducto,
812 4032 841 4079 et
851 4041 933 4097 quem
951 4022 1052 4080 iterum
1070 4020 1241 4099 producam,

186 4114 235 4172 ubi
250 4114 286 4172 de
301 4122 395 4192 poetoe
410 4112 523 4191 scriptis
535 4111 689 4170 dicendum
706 4112 766 4171 erit.
