2880 4792
185 289 234 355 28
493 302 715 352 nmrrnncm
738 301 940 357 narnoumz.

187 464 223 518 ut
250 451 471 540 Lysimachus,
495 452 550 538 qni
577 450 726 515 historias
749 448 920 513 Thebanas
940 448 1081 535 pedestri
1105 471 1248 514 sermone

187 554 351 639 collegit*
369 553 593 617 Aristodemus
607 550 793 627 Thebanus,
809 549 1007 636 Timagoras,
1024 549 1171 636 Lycus,†
1185 546 1249 612 alii.

190 654 304 742 Neque
340 663 565 740 argumentum
600 653 682 716 inter
718 651 881 716 Romanos
912 630 1020 737 jacint
1054 649 1249 736 neglectum.

189 755 319 840 Quippe
338 756 407 841 jam
432 755 601 840 Augusteo
625 776 694 818 oevo
720 752 876 817 Ponticus
903 751 994 838 epico
1015 771 1111 814 versu
1130 748 1250 812 bellum

188 855 379 919 Thebanum
414 864 632 941 persequutus
663 862 723 932 est,
754 854 849 939 cujus
878 874 961 939 opus
989 861 1059 915 tota
1085 846 1251 913 Thebaide

190 958 285 1021 Statii
314 958 466 1022 redimere
489 977 554 1020 non
578 955 750 1019 dubitabat
774 953 1031 1031 Brouekhusius,
1049 948 1253 1039 quandoqui-

191 1058 266 1121 dem
278 1080 318 1122 ex
333 1058 387 1121 illa
399 1079 496 1122 aurea
511 1065 607 1120 aetate
617 1077 752 1143 poeseos
761 1056 835 1141 jure
845 1054 979 1118 sanioris
991 1052 1110 1117 coloris
1125 1071 1252 1114 carmen

191 1159 430 1245 exspectabat.‡
477 1157 573 1221 Nunc
596 1157 657 1222 hoc
679 1157 803 1222 Catone
818 1165 986 1221 contentos
1001 1176 1060 1219 nos
1079 1175 1152 1217 esse
1175 1150 1250 1215 For·

194 1270 273 1323 tuna
283 1260 390 1345 jubet.
437 1259 594 1324 Videmus
610 1268 717 1323 autern
733 1281 772 1323 ex
787 1257 850 1338 his,
867 1256 972 1322 Statio
987 1255 1129 1320 adfuisse
1144 1253 1251 1340 plures

193 1371 350 1440 auctores,
374 1383 511 1449 quorum
532 1361 667 1447 vestigia
692 1382 844 1447 premere,
869 1380 1016 1446 quosque
1040 1366 1073 1420 et
1099 1356 1133 1418 in
1157 1354 1253 1418 rebus

194 1463 330 1548 antiqua
343 1462 429 1526 fama
444 1463 582 1541 traditis,
596 1463 628 1526 in
644 1463 748 1550 iisque
760 1461 937 1526 tractandis
948 1471 1047 1546 atque
1058 1455 1254 1523 exornandis

193 1565 284 1650 sequi
308 1565 457 1650 potuerit.
502 1564 610 1651 Atque
628 1564 658 1626 id
681 1564 721 1628 ab
740 1585 778 1628 eo
798 1562 922 1627 factum
941 1584 1022 1639 esse,
1041 1583 1117 1626 cum
1140 1580 1199 1645 per
1220 1578 1253 1620 se

193 1664 343 1729 credibile
367 1666 414 1743 fit,
438 1675 507 1728 turn
530 1665 636 1751 plures
659 1666 729 1750 ejus
756 1664 951 1728 narrationes
979 1661 1131 1749 produnt,
1159 1679 1253 1745 quas,

196 1966 281 2024 tollit.
332 1966 442 2023 Tamen
460 1966 628 2041 Antagorae,
647 1977 797 2043 tamquam
814 1964 960 2043 scriptoris
977 1962 1153 2034 Thebaidos,
1171 1981 1253 2021 men·

197 2056 238 2115 tio
252 2057 378 2114 occurrit
394 2057 421 2113 in
439 2056 510 2114 Not.
527 2057 564 2114 ad
581 2057 707 2134 Diogen.
725 2057 880 2116 Proverbb.
896 2076 926 2135 p.
938 2059 1007 2115 202.
1020 2056 1070 2115 ubi
1085 2064 1205 2114 narrant
1218 2074 1253 2113 ex

198 2146 361 2225 Apostoli0,
378 2149 568 2225 Antagoram,
587 2169 654 2207 cum
672 2149 775 2207 librum
789 2149 946 2207 Thebaidis
967 2148 1076 2207 Boeotis
1094 2147 1255 2219 recithsset,

199 2238 359 2317 frigideque
378 2249 454 2297 esset
468 2238 601 2308 auditus;
627 2243 731 2311 Boum,
747 2239 862 2310 dixisse,
877 2261 963 2300 aures
977 2241 1110 2299 habetis:
1135 2247 1256 2305 Δικαίως

199 2331 329 2393 schalada
343 2337 467 2390 Βοιωτοί·
483 2331 561 2405 βοῶν
576 2339 633 2411 γὰρ
647 2329 703 2392 ὦτα
714 2333 802 2411 ἔχετε.
833 2331 969 2390 Narratio
979 2351 1025 2390 me
1034 2330 1159 2390 advertit
1170 2349 1256 2409 prop·

198 2434 242 2481 ter
256 2421 477 2482 similitudinem
493 2423 578 2493 illius,
594 2443 681 2500 quam
697 2424 800 2482 Cicero
815 2423 852 2481 de
861 2434 957 2482 nostro
968 2424 1066 2483 habet.
1111 2422 1173 2482 Sed
1186 2421 1257 2481 nihil

199 2515 270 2574 certi
285 2513 352 2573 inde
367 2515 494 2584 extrieo;
518 2534 610 2591 neque
627 2515 792 2592 Apostolius
807 2515 844 2573 ad
861 2535 978 2573 manum
993 2525 1046 2574 est.

240 2609 255 2640 '¹
278 2607 508 2666 Alexandrinum
529 2608 608 2664 hunc
631 2617 713 2665 vocat
732 2607 832 2665 Schol.
855 2607 945 2686 Soph.
962 2606 1000 2665 Ο.
1018 2607 1054 2664 C.
1073 2608 1122 2664 92.
1140 2627 1169 2683 p.
1187 2610 1259 2665 274.

201 2699 303 2777 Steph.
332 2700 381 2757 ubi
405 2720 441 2758 ex
465 2699 537 2757 libro
561 2700 636 2756 Xlll
665 2698 816 2773 θηβαῖκῶν
843 2698 1023 2757 luculentum
1048 2699 1257 2776 fragmentum,

200 2813 286 2870 snper
309 2791 463 2869 OEdipodis
485 2790 633 2868 sepultura
656 2791 833 2869 adscriptum
858 2790 971 2867 legitur.
1026 2789 1159 2848 Eundem
1184 2801 1259 2867 puto

201 2903 265 2941 esse
280 2884 460 2960 scriptorem,
475 2883 560 2959 cujus
582 2886 682 2941 Νόστοι
697 2882 852 2940 laudantur
867 2882 985 2958 passim,
1008 2882 1085 2941 unde
1105 2883 1258 2961 conjicias,

201 2987 230 3032 et
246 2974 384 3050 hocopus
399 2972 561 3050 prosaicum
578 2972 675 3041 fuisse,
690 2993 706 3031 e
720 2983 848 3032 veterum
865 2973 953 3045 libris,
969 2993 1047 3032 more
1061 2974 1121 3033 fere
1135 2974 1257 3052 Apollo-

203 3064 265 3122 dori
292 3065 319 3122 in
344 3063 535 3135 Bibliotheca,
564 3074 745 3140 congestum.
791 3066 836 3124 De
864 3065 1017 3124 Thebaicis
1046 3067 1210 3145 Lysimachi
1234 3089 1261 3125 v.

204 3155 347 3215 Valcken.
365 3155 401 3213 ad
419 3154 519 3213 Phoen.
533 3175 562 3233 p.
579 3157 648 3213 603.

246 3259 265 3320 †
288 3248 333 3306 De
359 3247 403 3305 his
424 3267 450 3304 v.
473 3247 614 3305 Valcken.
634 3248 671 3306 ad
689 3248 790 3306 Phoen.
805 3269 832 3326 p.
850 3252 917 3309 686.
933 3253 1000 3308 732.
1041 3251 1089 3308 ΙΙΙ.
1103 3251 1200 3328 Heyn.
1220 3250 1259 3309 ad

204 3340 340 3418 Apollod.
357 3360 385 3417 p.
403 3343 472 3398 550.
488 3337 568 3396 etde
587 3339 664 3418 Lyco
680 3340 779 3399 Schol.
799 3341 932 3411 Hesiodi,
949 3354 1078 3421 excerpt.
1100 3363 1118 3401 a
1137 3343 1258 3414 Wolfio,

205 3433 388 3510 Praeceptore
411 3450 560 3509 nunquam
583 3431 652 3489 satis
671 3431 820 3490 laudando
838 3433 866 3489 in
886 3434 955 3491 Not.
975 3433 1012 3492 ad
1029 3435 1139 3512 Theog.
1160 3456 1190 3513 p.
1207 3438 1257 3494 97.

205 3526 316 3582 Praeter
335 3524 387 3581 hos
403 3522 519 3582 affertur
533 3542 549 3580 a
564 3523 656 3582 Suida
669 3528 683 3583 ὁ
697 3529 758 3603 περὶ
773 3536 829 3585 τῶν
843 3525 949 3599 Θηβῶν
969 3530 1106 3594 συντάξας
1120 3527 1155 3586 Τ.
1172 3529 1209 3586 ll.
1226 3548 1257 3607 p.

205 3620 283 3688 217.,
298 3636 384 3692 quem
403 3616 554 3687 Kiisterus,
570 3616 668 3674 nescio
682 3635 717 3673 an
733 3625 820 3686 recte,
835 3635 887 3694 pro
900 3617 1069 3695 Lysimacho
1084 3618 1181 3677 habet.

246 3708 401 3777 1P0etam
423 3707 500 3765 hunc
523 3707 669 3765 memoriae
692 3707 935 3766 commendarunt
959 3709 1056 3781 amici,
1080 3710 1204 3770 Ovidius
1229 3722 1260 3771 et

207 3801 384 3877 Propertius,
404 3798 482 3858 unde
502 3799 589 3858 etiam
607 3799 645 3857 de
664 3809 837 3878 argumento
855 3801 991 3859 carminis
1011 3801 1075 3880 ejus
1088 3814 1214 3863 constat.
1231 3826 1257 3863 v.

206 3893 334 3972 inprimis
350 3892 513 3952 Bronlrhus.
529 3904 559 3950 et
574 3893 759 3951 Burmannus
770 3893 835 3951 Sec.
848 3893 885 3950 ad
898 3893 987 3971 Prop.
1004 3895 1028 3965 l,
1041 3899 1069 3952 7.
1082 3896 1175 3973 princ.
1219 3898 1259 3957 At

207 3990 253 4045 vix
273 3985 401 4054 credam,
424 3983 502 4060 quod
524 3984 708 4042 Burmannus
729 4005 744 4042 e
763 4004 789 4041 v.
810 3986 853 4042 17.
866 3983 955 4062 hujus
971 3985 1081 4062 Elegiae
1102 3988 1258 4069 exsculpit,

207 4079 322 4156 Septem
337 4085 438 4135 eontra
459 4077 572 4135 Thebas
587 4075 744 4154 genuinum
761 4077 886 4154 poemati
898 4076 1012 4136 titulum
1028 4079 1123 4138 fuisse.
