2902 4786
191 304 239 369 86
497 325 717 373 anurnncnr
747 325 949 385 aemonia.

191 471 265 560 παρ’
301 475 493 561 Ἀντιμάχῳ,
519 476 648 541 εἰπόντι·
695 474 952 563 Ὧς-στρατός.
993 475 1088 543 Ἔστι
1119 477 1185 563 γὰρ
1217 479 1251 543 τὸ

191 573 328 662 ἐκολῴα,
356 577 401 651 ὡς
427 577 463 642 τὸ
491 580 596 643 ἐποίει.
643 575 734 643 Dicit
760 578 1011 656 Grammaticus,
1034 600 1101 642 non
1128 587 1251 642 tantum

192 676 325 741 formum
350 676 495 756 κολωᾶω,
515 699 583 765 qua
606 677 703 743 Hom.
725 680 838 758 utitur,
863 679 1043 744 sedetiam
1068 678 1196 747 κολωέοι
1220 680 1252 743 in

194 801 253 842 usu
274 777 384 857 fuisse,
401 788 436 842 et
457 778 542 842 hauc
559 779 745 845 Antimacbi
769 781 963 846 auctoritate
987 781 1170 845 confirmat.
1216 780 1252 844 lu

193 879 296 943 verbis
320 879 430 965 hujus,
449 880 596 944 ultimam
616 889 673 947 τοῦ
695 880 821 969 {nolitia
841 882 989 947 contrahi
1014 883 1049 946 in
1071 904 1170 946 uuam
1192 884 1254 969 syl-

192 981 298 1045 labam
322 981 511 1060 existimem,
529 992 567 1046 ut
587 981 696 1060 ἀοιδῆς
717 983 850 1048 Hesiod.
868 991 907 1061 θ,
921 985 974 1048 48.
989 995 1024 1048 et
1044 1007 1121 1071 quae
1140 985 1185 1050 ibi
1199 985 1253 1049 ob·

192 1082 329 1148 servavit
359 1082 427 1146 Cel.
453 1083 549 1148 Wols.
596 1083 752 1150 Similiter
776 1084 815 1148 ll.
843 1114 872 1162 0,
900 1085 950 1149 18.
978 1091 996 1162 ἦ
1027 1088 1066 1151 οὐ
1097 1087 1130 1149 in
1159 1107 1252 1150 unam

192 1183 660 1273 coalescunt—SCff—Lege
673 1211 680 1249 :

241 1287 306 1362 Ὦς
329 1285 371 1370 ῥα
394 1286 457 1352 τοτ’
474 1332 482 1349 .
497 1333 526 1351 ..
542 1333 569 1352 ..
586 1336 593 1351 .
608 1336 615 1350 .
630 1335 636 1350 .
657 1290 792 1374 στρατὸς
806 1287 962 1373 Ἀργείων
977 1285 1201 1373 ἐκολῴα-Β.

657 1595 788 1675 xxix.

194 1796 329 1859 STEPR.
346 1795 425 1882 Byz.
443 1819 471 1859 v.
490 1798 550 1863 Αἶα
565 1797 696 1861 tandem
716 1797 846 1883 adjicit:
865 1796 979 1864 Ἔστιν
998 1798 1061 1863 Αἶα
1081 1804 1132 1864 καὶ
1155 1806 1254 1883 Μακε-

193 1895 303 1974 δονίας
322 1902 419 1985 πηγὴ,
437 1902 482 1974 ὡς
498 1899 694 1986 Ἀντίμαχος
714 1902 747 1965 ἐν
766 1896 915 1985 θηβαΐδι.
963 1897 1073 1984 Etym.
1091 1899 1142 1962 M.
1156 1922 1188 1985 p.
1202 1901 1252 1966 97.

193 2000 215 2063 l.
231 2003 284 2064 ⁶25.
318 2001 379 2066 Ala
393 2000 529 2066 καλεῖται
544 2006 593 2068 καὶ
608 2006 706 2088 κρήνη
722 2005 755 2068 ἐν
772 2007 915 2086 Παιονία.
962 2000 1023 2064 Est
1035 1999 1089 2064 hic
1104 2000 1253 2086 illelom,

194 2124 291 2188 prope
301 2102 503 2187 Amydonem
513 2102 546 2165 in
557 2102 698 2181 Paeonia,
707 2102 911 2167 Macedoniae
923 2110 1040 2182 tractu,
1052 2102 1147 2182 situs,
1156 2123 1253 2189 quem

194 2203 385 2268 Criticorum
402 2203 534 2290 quidam
549 2205 625 2269 olim
645 2205 678 2267 in
695 2204 834 2269 Homero
854 2225 998 2290 quaerere
1017 2225 1074 2267 seu
1096 2204 1206 2290 potius
1220 2203 1253 2266 iu

192 2326 265 2368 eum
279 2304 396 2369 inferre
412 2305 595 2370 nitebantur
612 2305 650 2370 ll.
667 2306 699 2387 ἒ,
716 2307 801 2379 850..
816 2329 908 2369 versu
924 2307 970 2371 sic
985 2306 1177 2370 immutato:

346 2455 466 2534 Ἀξιοῦ,
482 2455 506 2542 ᾦ
522 2455 697 2523 κάλλιπον
713 2454 796 2544 ὕδωρ
812 2454 999 2523 ἐπικίδναται
1012 2457 1104 2534 Αἴης,

194 2606 283 2693 quod
290 2606 452 2691 judicium
463 2606 553 2692 sequi
564 2606 794 2670 nondubitavit
807 2605 1253 2692 strabovll.p.330,(509.),

194 2709 221 2771 si
250 2707 380 2794 quidem
404 2708 481 2771 Axii
513 2708 608 2772 undae
638 2708 843 2787 turbulentae,
867 2728 972 2795 neque
998 2709 1080 2772 adeo
1110 2709 1254 2795 pulchrae

194 2808 321 2873 luerint.
368 2809 552 2896 Geograpbi
567 2811 666 2888 loeus,
681 2809 723 2873 ad
738 2833 835 2897 quem
851 2809 1018 2874 adeundus
1030 2809 1255 2890 casaubonus,

193 2893 226 2973 in
244 2912 306 2974 fine
322 2911 368 2975 sic
385 2911 490 2975 forsan
511 2911 571 2975 erit
585 2911 817 2976 restituendus:
844 2913 891 2977 Οὐ
915 2910 978 2998 γὰρ
1001 2913 1039 2978 τὸ
1062 2919 1120 2978 τοῦ
1145 2911 1253 2988 Ἀξιοῦ

195 3011 279 3100 ὕδωρ
296 3013 469 3080 κάλλιστον
486 3023 542 3089 τῆς
555 3024 617 3100 γῆς
631 3018 671 3100 τῇ
685 3015 754 3096 ὄψει
769 3012 917 3092 κίδναται,
933 3012 1019 3078 ιἰλλὰ
1043 3015 1081 3079 τὸ
1103 3023 1161 3090 τῆς
1177 3015 1255 3090 Αἴης

194 3119 238 3200 τῷ
252 3113 358 3199 Ἀξιῴ.
392 3113 481 3178 Male
496 3123 580 3179 certe
595 3115 719 3179 editur:
744 3115 831 3181 ἀλλὰ
846 3125 902 3191 τῆς
917 3125 977 3201 γῆς
992 3144 1019 3179 τ.
1036 3114 1109 3190 Ἀξ.
1140 3115 1169 3178 E
1184 3138 1254 3179 sen·

194 3215 294 3279 tentia
309 3215 473 3280 Strabonis
491 3237 583 3301 porro
596 3224 695 3302 patet,
711 3238 791 3279 vera.
810 3217 883 3280 158.
909 3216 946 3279 Il.
963 3229 996 3301 φ.
1013 3217 1054 3281 ab
1069 3239 1108 3281 eo
1122 3219 1174 3281 vel
1189 3240 1253 3282 om-

194 3317 270 3381 nino
281 3339 345 3381 non
361 3318 507 3404 agnitum
520 3318 570 3382 vel
586 3317 677 3382 aliter
692 3317 810 3382 lectum
827 3317 935 3381 fuisse.

666 3613 778 3678 XXX.

194 3814 320 3877 Senon.
336 3814 377 3876 ad
394 3813 542 3900 AEschyl.
559 3815 591 3879 S.
607 3816 648 3878 ad
664 3815 724 3881 Tb.
741 3817 814 3881 549.
833 3840 863 3902 p.
879 3819 930 3904 98,
947 3817 1056 3904 steph.
1090 3818 1250 3905 Παρθενο-

192 3925 287 3991 παῖος
304 3917 430 4002 Ἀρκάς.
476 3918 670 4004 Ἀντίμαχος
691 3925 787 4005 φησὶν
810 3920 957 4006 Ἀργεῖον
978 3922 1087 3998 αὐτὸν,
1103 3923 1161 3986 οὐκ
1176 3922 1249 4006 Ἀρ·

194 4015 281 4084 subu.
326 4016 388 4082 Est
409 4020 435 4082 is
455 4040 536 4081 unus
558 4040 575 4082 e
596 4029 715 4104 septem
736 4021 830 4107 primi
852 4021 927 4084 belli
941 4021 1086 4086 Thebani
1102 4022 1251 4107 ducibus,

194 4142 289 4205 quem
314 4120 443 4205 plurimi
470 4120 572 4184 filiuni
599 4121 799 4187 tradiderunt
827 4122 943 4187 lasidis
970 4125 1143 4204 Atalantae,
1169 4124 1251 4189 unde
