2880 4792
190 280 238 348 46
493 298 716 347 sr'rruacm
737 298 938 353 nacionis.

189 460 304 536 potest.
343 449 438 513 Certe
449 460 521 536 post
534 450 620 513 illius
632 458 775 534 tempora
784 448 896 513 iterum
906 449 1106 514 celebratum
1120 460 1247 536 poetam

189 552 346 616 videmus.
380 551 463 616 'l'um
475 552 560 616 cuim
577 551 738 629 Zoticum,
756 550 876 615 Plotini
890 551 1094 633 familiarem,
1111 554 1249 640 legimus

189 676 304 718 novam
326 654 537 718 recensionem
558 653 745 718 Antimacbi
770 652 959 733 instituisse,
974 653 1077 718 aliove
1099 655 1197 720 modo
1219 657 1248 721 ei

189 756 388 819 emendando
411 756 556 819 criticam
580 777 708 840 opernm
733 752 898 817 navasse*
954 754 1022 818 Nec
1047 777 1112 819 non
1137 757 1248 820 eodem

186 860 294 923 seculo
308 858 483 945 Longinus,
495 856 784 921 excellentissimus
793 855 984 941 scriptomm
991 856 1110 943 judex,
1121 868 1248 944 poetam

189 961 372 1039 illustravit,
395 961 510 1047 glossis
536 961 617 1046 ejus,
641 969 678 1023 ut
702 959 837 1038 videtur,
862 958 1018 1045 singulari
1038 960 1122 1025 libro
1149 962 1250 1047 expli-

189 1064 306 1137 catis.†
351 1061 413 1126 Sed
436 1062 516 1140 brec,
532 1063 660 1150 aliaque
683 1062 802 1147 scripta
824 1061 889 1125 huc
912 1061 1115 1146 pertinentia,
1139 1062 1174 1125 in
1198 1063 1249 1127 his

192 1165 340 1252 Dionysii
358 1164 541 1242 Phaselitoe,
558 1163 780 1243 Grammatici,
796 1164 988 1249 opusculum
1003 1163 1043 1226 de
1058 1163 1248 1228 Antimachi

190 1266 310 1351 poesi,‡
339 1286 499 1328 unacum
523 1264 601 1350 ipsis
623 1265 820 1329 carminibus
843 1274 957 1350 poetae,
979 1263 1060 1328 adeo
1087 1263 1250 1349 absorpsit

190 1367 308 1429 flumen
324 1366 504 1444 oblivionis,
521 1376 557 1429 ut
571 1366 666 1430 hodie
682 1389 747 1430 non
764 1366 825 1430 nisi
842 1366 969 1430 tabulas
984 1365 1106 1452 passim
1121 1388 1249 1451 sparsas

189 1469 392 1554 multumque
408 1489 581 1531 concussas
595 1468 779 1554 conspicere
795 1467 921 1551 liceat.§

235 1569 284 1632 Ad
307 1568 366 1632 lias
386 1569 538 1655 reliquias
559 1591 644 1633 nunc
669 1592 851 1657 pergamus,
874 1569 996 1656 quibus
1020 1569 1247 1655 disquisitione

191 1672 252 1735 lrac
276 1671 445 1756 proludere
472 1671 641 1734 voluimus.
696 1670 782 1735 Sunt
812 1671 863 1734 lrae
893 1671 1037 1757 quidem,
1060 1670 1088 1733 si
1114 1692 1249 1756 operum

190 1772 444 1859 rnsgnitudinem
470 1783 502 1837 et
521 1772 640 1836 famam
664 1783 791 1859 spectes
811 1794 888 1836 sane
910 1771 989 1836 satis
1008 1771 1121 1851 exiles,
1141 1773 1250 1858 plures

191 1888 296 1939 tamen
312 1897 408 1953 nunc,
425 1897 521 1961 quam
537 1885 632 1938 antea
646 1875 714 1959 ipse
726 1874 835 1960 colligi
847 1896 941 1961 posse
951 1873 1119 1959 putabam,
1128 1873 1250 1960 quippe

191 2001 265 2063 quae
280 1978 320 2040 ad
337 1976 552 2041 centenarium
568 1998 737 2040 numerum
757 1975 899 2062 proxime
915 1976 1084 2040 accedunt.
1132 1975 1250 2062 Neque

190 2091 297 2142 tamen
314 2078 438 2157 dubito,
453 2078 543 2163 quin,
559 2077 585 2140 si
601 2079 642 2142 ab
656 2078 719 2140 alio
734 2078 875 2142 doctiore
891 2088 922 2142 et
936 2078 969 2141 in
991 2086 1135 2142 veterum
1158 2076 1249 2141 libris

190 2180 294 2265 magis
312 2189 434 2242 versato
457 2179 510 2243 hic
532 2180 622 2244 labor
645 2190 814 2265 susceptus
838 2189 933 2259 esset,
952 2180 1143 2244 fasciculum
1164 2179 1251 2266 frag-

189 2291 367 2344 mentorum
388 2281 462 2343 hinc
483 2281 558 2344 inde
578 2282 750 2367 pleniorem
771 2281 961 2346 haberemus
981 2292 1014 2346 et
1034 2283 1129 2368 longe
1150 2281 1249 2347 etiam

190 2383 360 2446 meliorem.
407 2381 467 2446 Sed
487 2383 520 2446 in
534 2383 655 2471 mugnis
668 2382 800 2447 voluisse
814 2395 864 2447 sat
879 2385 949 2447 erit.

190 2635 398 2704 doctissimum,
415 2636 575 2704 Moulrnes,
594 2654 643 2692 sur
663 2634 703 2693 les
717 2635 800 2692 livres
820 2634 990 2694 Catacriens
1010 2644 1075 2712 post
1089 2635 1249 2694 versionem

191 2728 270 2787 Gall.
287 2728 406 2806 Scriptt.
424 2728 501 2786 Hist.
517 2727 594 2802 Aug.
611 2727 762 2797 minorum,
776 2727 882 2784 editam
899 2727 995 2785 Berol.
1015 2730 1101 2785 1783.
1119 2729 1185 2784 8v0.

232 2820 247 2852 '¹
270 2821 306 2878 V.
324 2820 464 2898 Porphyr.
481 2820 540 2878 Vit.
557 2819 664 2877 Plotini
678 2838 705 2877 c.
723 2822 750 2876 7.
764 2838 793 2895 p.
813 2821 878 2878 104.
893 2819 939 2878 ed.
956 2818 1092 2890 Fabricii,
1105 2818 1245 2897 quiBibl.

192 2912 243 2969 Gr.
261 2912 310 2972 lib.
327 2913 377 2970 lV.
395 2912 468 2989 parti
483 2912 523 2970 ll.
539 2910 679 2989 scriptum
694 2911 821 2969 inseruit.

232 3014 250 3072 †
274 3008 368 3072 Λέξεις
378 3003 565 3083 Ἀντιμάχου.
581 3024 608 3063 ν.
625 3003 709 3063 Suld.
725 3024 752 3061 v.
770 3011 926 3080 Λογγῖνος.
971 3003 1036 3062 Hac
1050 3022 1081 3061 re
1095 3003 1253 3062 confirma·

191 3107 253 3153 tum
269 3096 339 3154 illud
356 3096 455 3166 babes,
471 3096 549 3173 quod
563 3095 622 3154 dixi
636 3096 673 3154 de
687 3096 811 3154 obscuro
830 3115 962 3154 sermone
980 3093 1081 3165 nostri,
1097 3105 1127 3154 et
1143 3095 1251 3174 passim

191 3188 293 3264 glossis
307 3186 455 3245 distincto.
498 3186 612 3247 Glossoe
626 3189 715 3258 enim,
728 3188 786 3247 sive
801 3187 995 3265 exquisitioris
1012 3207 1081 3245 usns
1097 3187 1252 3258 vocabula,

192 3279 303 3339 Graecis
318 3283 405 3348 λέξεις
419 3280 608 3338 vocabantur.
652 3279 733 3338 Idem
748 3280 807 3339 iere
827 3278 973 3357 colligitur
991 3299 1007 3338 e
1022 3279 1171 3358 Spartiani
1187 3279 1253 3338 loco

191 3373 278 3432 modo
291 3371 483 3442 laudat0,etsi
499 3371 536 3430 ibi
551 3371 898 3449 obloquitanalmasius.
935 3372 1071 3431 Ceterum
1085 3370 1252 3450 Longinum

189 3465 226 3524 de
241 3465 414 3524 Antimacho
428 3484 495 3523 cum
512 3464 634 3523 Platone
649 3464 810 3534 sensisse‚e
826 3463 932 3522 Proclo
945 3463 1111 3522 didicimus.

232 3568 244 3629 1
267 3557 382 3617 Citatnr
403 3559 431 3615 in
452 3566 548 3615 vetere
569 3557 639 3614 Vita
659 3556 799 3615 Nicandri
816 3558 964 3623 Διονύσιος
983 3560 998 3616 ὁ
1018 3560 1182 3629 Φασιλὴτης
1197 3556 1254 3633 (sic

191 3649 266 3708 male
281 3649 343 3723 ed.)
357 3653 388 3709 ἓν
403 3657 439 3730 τῷ
454 3655 516 3729 περὶ
531 3662 579 3720 τῆς
592 3650 768 3728 Ἀντιμάχου
783 3652 931 3718 ποιήσεως.

231 3748 245 3815 ς
268 3742 425 3823 Amisimus
443 3742 483 3800 ita
503 3741 695 3800 Antimachea
713 3740 863 3819 pleraque,
883 3760 950 3799 cum
971 3740 1091 3799 aliorum
1112 3739 1254 3798 librorum

189 3833 283 3892 ruina.
327 3833 376 3892 Sic
400 3835 522 3913 Sopater
545 3835 693 3912 Sophiste,
711 3832 901 3892 Constantini
924 3834 967 3893 M.
988 3842 1086 3903 aetate,
1109 3832 1254 3891 nonnulla

191 3926 280 3984 nostri
305 3926 333 3983 in
358 3926 545 3986 Collectanea
576 3946 629 3985 sua
656 3924 803 3995 intulerat,
828 3944 902 4002 opus
927 3924 1085 3994 eruditum,
1109 3944 1126 3982 e
1152 3924 1253 3983 multis

189 4018 376 4097 scriptoribus
403 4019 574 4090 conflatum,
601 4018 681 4096 quod
710 4027 839 4076 recenset
868 4016 953 4075 Phot.
985 4016 1088 4075 CLXl.
1119 4035 1148 4093 p.
1181 4019 1252 4076 339.

191 4112 310 4169 Fecerat
328 4110 403 4169 idem
424 4113 553 4171 loannes
570 4113 717 4180 Stobaeus‚
734 4110 787 4168 etsi
804 4128 881 4167 nunc
902 4109 930 4167 in
944 4111 1009 4188 ejus
1030 4107 1148 4186 Eclogis
1167 4109 1252 4168 Anti·

190 4203 283 4263 machi
299 4222 402 4261 nornen
419 4223 480 4263 non·
492 4203 625 4267 occurrit.
641 4224 668 4263 v.
687 4202 773 4262 Pbot.
790 4221 818 4279 p.
837 4204 905 4261 374.
940 4257 943 4263 .
