2880 4792
299 303 345 375 70
599 327 821 376 sn'rnrncnr
845 326 1046 382 1111101111.

297 496 408 539 versus
438 475 458 536 ii
490 484 576 551 sunt,
603 497 687 562 quos
716 475 862 562 apposui.
911 474 948 537 ln
978 474 1082 562 primo
1111 472 1242 550 Talaus,
1271 480 1355 557 pater

296 576 439 652 Adrasti,
462 586 512 640 est
537 574 753 662 Κρηθηῖἆδης,
781 599 801 639 1
823 575 973 654 Cretheo,
995 576 1086 641 Talai
1111 597 1240 662 proavo.
1285 573 1355 637 Vid.

297 672 405 739 Schol.
424 674 465 739 ad
488 676 598 763 Eurip.
615 676 732 742 Phoen.
750 700 778 740 v.
795 679 868 741 425.
885 687 918 741 et
932 687 1069 742 stemma
1084 677 1117 740 in
1133 674 1240 762 Heyn.
1256 674 1354 739 Tabb.

295 777 471 861 genealad
488 777 637 864 Apollod.
662 801 692 865 p.
718 779 810 843 1010.
856 777 961 864 Cujus
987 778 1114 865 generis
1138 776 1358 864 patronymica

296 897 359 940 non
376 878 456 944 adeo
472 889 642 957 rorarunt,
659 881 805 966 inprimis
820 902 870 968 ap.
888 880 985 945 Ovid.
1002 891 1039 944 ut
1060 878 1142 943 Met.
1162 876 1222 955 lv,
1242 878 1358 940 672.-

296 975 336 1042 V.
352 980 382 1042 2.
399 1008 457 1067 περ
474 980 504 1043 h.
519 980 538 1043 l.
550 981 638 1044 nulla
653 982 798 1067 graviore
808 981 837 1043 vi
850 982 1002 1067 positum,
1014 992 1051 1044 ut
1063 1001 1150 1066 saepe
1161 979 1194 1041 in
1208 978 1356 1056 Homero,

296 1079 336 1143 de
361 1103 426 1167 qno
450 1083 565 1146 bonam
587 1083 763 1146 Aristarchi
788 1092 898 1147 notam
923 1081 1061 1147 servavit
1082 1079 1191 1145 Schol.
1209 1080 1356 1166 Apollon.

297 1176 360 1244 Rh.
381 1181 583 1258 1,299.-V.
602 1184 632 1246 3.
658 1182 708 1246 lta
729 1183 822 1248 binos
846 1205 948 1271 equos
976 1183 1106 1246 Adrasti
1136 1181 1245 1246 currui
1270 1181 1358 1246 dedit

297 1281 520 1361 Antimachus,
540 1285 572 1348 in
596 1306 633 1348 eo
657 1284 773 1349 melius
797 1306 926 1349 servans
953 1283 1070 1349 heroici
1095 1282 1183 1347 illins
1208 1283 1358 1369 temporis

296 1405 426 1463 rnorem,
443 1407 542 1472 qnam
567 1385 695 1471 plurimi
717 1387 902 1472 aequiorum
924 1395 1101 1472 poetarum,
1124 1385 1165 1449 de
1187 1384 1309 1471 quibus
1329 1408 1357 1447 v.

295 1481 430 1549 Salmas.
447 1486 486 1550 ad
503 1483 602 1549 Solin.
620 1509 650 1572 p.
665 1487 738 1551 630.
755 1499 788 1551 11
811 1486 949 1551 Vallren.
966 1487 1006 1550 ad
1023 1487 1101 1551 Eur.
1120 1485 1239 1550 Phoen.
1257 1509 1288 1573 p.
1308 1486 1356 1550 19.

296 1586 391 1652 Certe
414 1610 465 1674 ap.
483 1587 612 1653 Homer.
629 1611 790 1675 nusquam
810 1589 918 1653 currui
937 1590 1071 1675 junctos
1094 1597 1236 1675 quatuor
1259 1609 1359 1676 equos

295 1691 464 1755 manifeste
483 1692 634 1778 reperias,
648 1701 763 1777 praeter
783 1690 944 1755 Hectoreo
967 1690 1007 1754 ll.
1024 1696 1055 1757 0.
1076 1691 1147 1755 185.
1164 1691 1314 1776 quamvis
1328 1699 1360 1753 et

295 1791 408 1857 horum
432 1793 498 1857 duo
512 1797 667 1879 παρήοροι
687 1792 797 1857 haberi
819 1793 954 1878 possint,
969 1802 1004 1856 et
1023 1792 1064 1855 ad
1086 1793 1259 1857 alterorum
1274 1793 1372 1856 latus·

293 1894 426 1980 alligati.
473 1894 524 1957 De
538 1893 642 1972 Caero,
654 1917 741 1981 equo
754 1893 862 1957 minus
876 1894 987 1972 nobili,
999 1894 1102 1958 altum
1114 1895 1201 1980 apud
1217 1892 1356 1958 Statium

294 2007 326 2057 et
351 1995 429 2058 alios
457 1995 620 2059 silentium
647 2005 706 2072 est,
730 1994 815 2059 unde
836 1995 917 2059 forte
943 1995 1076 2074 mireris,
1100 2017 1159 2059 cur
1182 2017 1299 2060 nomen
1326 1994 1358 2058 in

298 2099 439 2181 Κραιρὸν
455 2095 588 2161 mutarit
601 2096 758 2160 Valcken.
775 2096 796 2160 l.
812 2119 840 2160 0.
857 2119 888 2182 p.
904 2098 978 2161 659.
1023 2095 1085 2160 Sed
1102 2097 1211 2160 forsan
1223 2119 1244 2161 1
1254 2096 1358 2183 capite

296 2196 482 2260 desumtum
506 2218 621 2262 nomen
647 2199 753 2285 aptius
780 2198 913 2283 putavit.
960 2198 1097 2262 Accedit
1125 2198 1245 2277 forsan,
1270 2198 1356 2287 quod

295 2298 372 2361 alibi
396 2301 514 2385 Καιρὸς
536 2299 677 2361 1100111111
702 2309 900 2371 nomenest.
923 2322 951 2362 v.
974 2298 1072 2362 Pans.
1096 2296 1199 2363 Elian.
1216 2301 1314 2385 prior.
1329 2323 1356 2364 0.

299 2400 348 2462 14.
364 2400 405 2463 01.
427 2399 590 2485 Athenag.
612 2399 748 2485 Deprec.
770 2423 802 2485 p.
821 2400 893 2464 140.
916 2399 967 2463 ed.
989 2399 1105 2464 Lindn.
1154 2400 1229 2464 Non
1253 2401 1356 2488 magis

294 2510 371 2563 nota
396 2500 527 2564 nomina
549 2521 715 2586 equorum,
737 2500 812 2563 olim
837 2501 869 2563 in
893 2500 1011 2564 fabulis
1031 2500 1214 2579 celebrium,
1236 2502 1358 2586 praebet

293 2597 469 2664 Stesichori
492 2602 606 2687 fragm.
629 2622 679 2685 ap.
702 2599 813 2686 Etym.
836 2601 884 2664 M.
910 2624 942 2687 p.
968 2603 1043 2665 544.
1066 2600 1086 2663 l.
1112 2600 1357 2687 54.-’Apslova

293 2700 395 2765 verior
409 2702 535 2766 videtur
558 2724 628 2766 esse
643 2701 812 2789 scriptura,
827 2725 902 2766 cnm
922 2726 963 2768 ex
984 2702 1178 2789 etymologia
1197 2702 1232 2766 in
1248 2702 1355 2766 Schol.

293 2806 334 2869 ad
352 2806 388 2869 ll.
405 2809 440 2889 d.
454 2808 528 2870 347.
545 2807 683 2893 prolata,
700 2817 769 2869 tum
784 2806 827 2870 ob
842 2805 1075 2885 anctoritatem,
1088 2826 1188 2890 quam
1203 2805 1246 2868 ab
1261 2827 1356 2869 accu-

294 2907 464 2971 ratioribus
475 2908 607 2972 Homeri
623 2907 863 2972 recensionibus
875 2908 973 2971 habet
987 2929 1038 2993 ap.
1049 2905 1203 2969 Eustath.
1216 2928 1249 2992 p.
1264 2907 1355 2970 1304·

294 3005 387 3070 Rom.
434 3008 657 3075 θελπουσαῖον
684 3031 742 3095 pro
770 3010 971 3075 θελποΰσιον
994 3030 1034 3072 ex
1058 3016 1134 3071 ante
1159 3007 1257 3071 dictis
1279 3008 1357 3072 satis

292 3108 422 3172 clarum.
469 3109 556 3172 Hinc
581 3109 666 3173 idem
687 3132 789 3196 equus
805 3111 922 3196 Ἀρκὰς
944 3108 1145 3173 Callimacho
1167 3108 1201 3170 111
1226 3108 1354 3196 Fragm-

295 3208 402 3275 Bentl.
432 3210 483 3273 82.
507 3233 539 3297 p.
561 3211 635 3274 457.
681 3210 733 3275 Cf
757 3211 845 3274 aliud
875 3210 1002 3296 Fragm.
1023 3233 1054 3297 p.
1071 3211 1145 3274 517.
1192 3210 1355 3275 Arcadum

293 3312 498 3376 traditionem
514 3312 555 3375 de
568 3312 687 3376 Arione
700 3312 754 3375 alii
770 3325 900 3398 quoque
912 3312 1042 3398 sequuti
1058 3320 1146 3391 sunt,
1157 3321 1194 3376 ut
1205 3311 1355 3397 Apollod.

293 3413 358 3494 111,
376 3415 405 3479 6.
422 3437 452 3500 p.
466 3416 540 3478 213.
556 3424 588 3478 et
604 3412 701 3476 Ovid.
723 3412 805 3477 Met.
825 3412 888 3491 Vl,
915 3412 1070 3477 lla-V.
1092 3416 1122 3477 4.
1148 3413 1262 3500 Apollo
1281 3415 1357 3500 Ὀγ-

292 3527 380 3592 καῖος
405 3516 458 3597 (de
479 3515 539 3580 hac
560 3515 660 3579 forma
674 3539 702 3577 v.
723 3514 874 3577 Eustath.
897 3515 938 3577 ad
963 3513 1026 3578 Od.
1046 3543 1079 3580 π.
1095 3515 1184 3590 471.)
1208 3515 1259 3578 vel
1279 3515 1355 3602 Ὀγ-

292 3616 645 3702 καιᾶτης,01ῃ“0111(111
668 3625 735 3679 erat
755 3614 796 3678 ad
817 3615 971 3695 Oneinm,
996 3616 1053 3701 qui
1073 3615 1163 3679 vicus
1186 3615 1255 3703 ipse
1276 3617 1356 3682 forte

287 3715 392 3802 Ὀγκα
413 3717 533 3795 dictus,
561 3717 621 3780 etsi
647 3738 711 3780 non
734 3716 916 3780 miscendus
941 3740 1015 3780 cnm
1041 3717 1233 3803 cognomine
1256 3719 1355 3783 altero

290 3816 434 3880 Thebani
450 3816 529 3903 agri,
546 3817 630 3881 unde
647 3817 805 3881 Minervae
822 3816 954 3882 Oncaeae
975 3840 1090 3882 nomen
1106 3819 1229 3882 derivat
1246 3818 1354 3884 Schol.

292 3915 422 3982 Pindar.
436 3917 488 3980 Ol.
503 3917 549 3995 Il,
564 3921 616 3981 47.
668 3918 707 3982 ln
728 3941 819 3983 versu
842 3920 980 4007 denique
996 3921 1055 3984 nlt.
1077 3926 1203 3984 summa
1223 3921 1267 3984 rei
1287 3942 1357 3987 rer·

294 4029 390 4082 satur.
415 4019 539 4105 Nempe
555 4041 594 4082 ex
608 4019 793 4083 Antimachi
809 4030 915 4085 mente
928 4021 1079 4085 Arionem
1091 4020 1186 4085 Terra
1199 4034 1354 4107 genuerat

289 4120 352 4182 sine
368 4121 502 4199 alicujus
517 4120 701 4185 interventu.
727 4121 798 4186 Hoc
808 4122 893 4186 enirn
906 4123 991 4187 valet
1003 4124 1091 4201 αὐτὴ,
1105 4133 1142 4186 nt
1153 4146 1204 4210 ap.
1220 4122 1353 4189 Hesiod.
