2880 4792
303 303 369 373 104
606 324 827 373 Αννιιιεοειι
851 323 1055 378 usmarus.

291 470 355 535 Sed
383 480 417 534 ut
443 480 587 534 nostrum
612 471 795 548 defendam,
818 493 891 535 eum
918 471 965 535 sic
992 471 1081 557 loqui
1107 469 1251 555 potuisse
1272 475 1360 554 puto,

289 572 387 637 etiam
403 572 430 637 si
444 572 554 637 nullus
571 594 715 660 unquam
733 571 893 638 Homerus
912 571 1037 650 fuisset,
1052 583 1085 636 et
1100 571 1268 635 referende
1283 569 1360 633 talia

290 675 428 739 dixerim
443 675 485 738 ud
500 675 768 763 conspirationem
790 675 931 764 plurium
947 675 1031 739 idem
1051 673 1284 761 proferentium
1298 673 1360 737 for·

290 777 417 856 tuitam,
430 779 471 843 de
486 800 551 865 qua
566 777 715 841 Aretidas
736 777 900 864 proprium
920 776 1064 841 libellum
1081 777 1267 864 scripserat,
1281 775 1359 839 cita-

292 889 360 943 turrr
380 878 559 966 Porphyris
575 878 652 943 ibid.
668 901 700 965 p.
717 878 790 942 497.
807 877 849 943 Ι).

790 1235 857 1299 LV.

423 1469 540 1533 Τοῖοιν
563 1449 593 1532 d'
615 1453 759 1547 ὑλήεντα
779 1449 835 1533 daei
855 1453 959 1534 πλέον
981 1449 1218 1570 ἐρχομένοισιν.

291 1684 525 1750 Νιοοιτιοοι
542 1708 609 1750 suae
631 1686 769 1749 intexuit
785 1707 911 1749 versum
928 1685 1062 1749 Lucian.
1109 1684 1185 1749 Ver.
1204 1683 1291 1749 Hist.
1310 1685 1354 1766 11,

288 1788 342 1852 42.
358 1787 396 1852 T.
416 1786 460 1852 ΙΙ.
476 1810 508 1873 p.
529 1787 612 1866 136,
629 1798 662 1852 et
683 1787 789 1876 ipsum
805 1809 858 1874 per
879 1809 913 1851 se
934 1787 1012 1852 satis
1028 1789 1214 1867 obscurum,
1229 1799 1263 1852 et
1278 1787 1353 1852 hinc

289 1889 422 1955 Luciani
434 1890 523 1954 dicta
531 1911 595 1953 nou
606 1888 712 1953 minus
724 1889 963 1976 impedientem.
989 1889 1126 1975 Utrique
1138 1888 1355 1968 incommodo,

287 1992 373 2079 quod
389 1991 446 2056 diu
463 1992 505 2056 ihi
522 1992 618 2070 sensi,
630 1991 758 2079 egregie
772 1992 916 2055 medetur
930 1993 1020 2056 locus
1032 1990 1140 2056 Schol.
1156 1990 1297 2055 Nicaud.
1312 1992 1351 2055 ad

286 2095 382 2161 Ther.
397 2118 427 2160 v.
443 2096 518 2160 295.
536 2117 566 2180 p.
582 2095 647 2174 20,
663 2095 719 2159 ubi
741 2102 835 2181 poeta
855 2095 956 2158 civem
980 2116 1075 2158 suum
1096 2093 1177 2158 forte
1198 2093 1355 2173 imitatus,

287 2196 370 2261 dixit
385 2197 424 2260 de
439 2205 606 2281 serpente:
632 2198 729 2263 Βαιὸν
739 2195 845 2262 πλόον
855 2199 921 2262 aiio
931 2194 1064 2274 ὀκέλλοι,
1073 2199 1148 2283 γαίῃ
1160 2192 1355 2281 ὑποθλίβων

288 2296 396 2375 νηδύν.
442 2296 599 2384 Subjecta
619 2296 673 2359 hic
696 2307 747 2360 est
765 2297 943 2361 enarratio:
972 2295 1095 2363 Πλόον·
1118 2303 1178 2363 νῦν
1194 2299 1253 2373 τὴν
1276 2294 1355 2363 ὁδὸν

286 2402 345 2476 τὴν
368 2400 479 2479 πεζὴν,
501 2404 560 2478 τὴν
583 2404 722 2485 πορείαν.
770 2399 861 2465 Οὕτω
885 2400 949 2488 γὰρ
978 2405 1028 2466 καὶ
1053 2399 1251 2486 ’ᾼντίμαχος
1282 2398 1357 2465 εἶπε·

288 2509 377 2568 Τοῖσι
394 2499 422 2569 δ’
437 2502 489 2568 ‹iv’
505 2501 639 2578 ὑλήεντα
655 2497 683 2566 d.
699 2529 732 2567 π.
750 2528 772 2566 ε.
816 2499 877 2577 Ὡς
897 2498 929 2568 δὲ
945 2507 994 2567 καὶ
1009 2497 1244 2587 Ἀριστοφάνης
1260 2502 1294 2567 ἐν
1311 2504 1357 2587 τῷ

289 2609 376 2691 Γήρᾳ
400 2604 584 2691 (deperdita
606 2602 790 2683 comoedia),
815 2613 948 2689 γυναῖκα
974 2607 1111 2679 ποιήσας
1140 2606 1191 2669 ἐπὶ
1216 2603 1354 2690 ζεύγους

286 2710 374 2776 ὄνων
399 2711 590 2796 ὀχουμένην,
613 2703 747 2792 παράγει
771 2704 842 2770 τινὰ
865 2707 985 2790 ἐρῶντα
1008 2704 1115 2780 αὐτῆς·
1141 2703 1161 2780 ἣ
1185 2710 1235 2771 καὶ
1260 2703 1356 2792 ἐρεθί-

286 2809 388 2886 ζουσα
403 2816 478 2896 φησὶ
507 2810 589 2896 πρὸς
609 2808 718 2873 αὐτόν·
740 2805 998 2873 Ἀποπλενστέον
1021 2809 1070 2873 ἐπὶ
1095 2810 1233 2892 νυμφίον
1258 2810 1355 2886 ἐστὶν,

286 2909 312 2998 ᾦ
327 2918 484 2997 γαμοῦμαι
500 2915 649 2997 σήμερον.
674 2908 712 2972 ln
729 2907 898 2994 postremis
914 2905 1038 2972 Comici
1053 2907 1160 2972 verbis
1176 2907 1353 2971 scribendis

286 3023 446 3100 sequutus
462 3035 533 3077 sum
547 3011 617 3075 Viri
634 3032 706 3075 vere
719 3009 823 3075 critici
843 3008 957 3095 Toupir'
974 3009 1230 3074 emendationem
1246 3011 1357 3075 certis-

286 3115 412 3192 simam,
437 3124 483 3226 et
507 3123 545 3177 ut
573 3114 642 3201 ipse
670 3112 814 3177 modeste
840 3121 945 3191 vocat,
969 3110 1253 3197 elegantissimam,
1278 3133 1354 3177 cum

285 3225 380 3281 antea
394 3216 551 3301 legeretur
568 3216 718 3292 ἀπέπλιις
737 3218 820 3293 τεόν,
840 3214 929 3278 nullo
950 3235 1056 3277 sensu.
1103 3212 1147 3277 V.
1164 3212 1353 3278 Emendatt.

287 3317 319 3382 in
340 3315 430 3382 Suid.
452 3317 490 3381 P.
515 3316 579 3380 Ili.
600 3340 633 3403 p.
656 3318 730 3382 363.
752 3316 803 3381 ed.
826 3315 925 3401 Lips,
942 3315 998 3380 ubi
1018 3315 1113 3379 simul
1130 3315 1171 3380 de
1185 3317 1353 3381 vocabulis

285 3420 391 3496 πλόος
405 3419 511 3486 πλεειν
526 3418 704 3505 ceterisque
719 3419 864 3505 ejusdem
884 3416 1013 3482 familiae
1031 3416 1122 3496 dicit,
1137 3440 1213 3505 quoe
1229 3419 1353 3484 doctior

284 3520 437 3607 loquendi
452 3544 531 3586 usus
547 3542 611 3585 non
628 3522 732 3584 solum
748 3520 789 3585 de
808 3520 968 3584 maritimo
989 3520 1101 3584 itinere
1116 3519 1279 3600 adhibuit,
1295 3522 1351 3585 sed

284 3623 380 3687 etiam
407 3624 447 3688 de
470 3624 619 3689 terrestri.
665 3622 718 3686 Of.
745 3621 887 3707 Hesych.
911 3645 941 3685 v.
968 3620 1075 3698 πλοῦς
1095 3632 1128 3687 et
1153 3646 1180 3711 x.
1204 3623 1352 3691 ‹irroretv‘

287 3725 449 3794 ἀπελθεῖν.
475 3728 519 3790 At
533 3727 604 3791 haec
620 3725 776 3812 posterior
790 3725 908 3812 glossa,
920 3733 1016 3788 antea
1028 3726 1166 3790 multum
1184 3727 1227 3790 ab
1243 3725 1352 3814 Intpp.

284 3839 410 3909 vexata,
424 3832 575 3916 praeclare
591 3829 632 3892 ab
648 3827 760 3892 eodem
781 3826 986 3891 emendatur:
1010 3826 1180 3908 ἀποπλεῖν,
1196 3851 1234 3894 ac
1250 3829 1297 3893 sic
1309 3828 1350 3893 ad

284 3928 447 4015 Aristoph.
474 3931 582 3994 locum
607 3928 764 4018 pertinere
789 3927 925 3991 videtur.
972 3926 1011 3990 In
1041 3928 1229 3993 Antimachi
1255 3919 1350 3994 versu'

286 4028 418 4116 insuper
440 4032 618 4096 notandum
642 4030 748 4098 πλόον
769 4029 903 4106 ὑλήεντα
924 4026 1110 4116 διέρχεσθαι,
1130 4033 1177 4095 ita
1199 4054 1257 4118 per
1280 4033 1352 4097 loca

283 4140 447 4214 montana,
460 4133 589 4220 sylvosa
603 4132 700 4213 (forte
710 4131 944 4210 Cithaeronem)
952 4153 1115 4219 peragere.
1140 4133 1349 4224 Quamquam
