<?xml version="1.0" encoding="UTF-8"?>
<!DOCTYPE html PUBLIC "-//W3C//DTD XHTML 1.0 Transitional//EN"
    "http://www.w3.org/TR/xhtml1/DTD/xhtml1-transitional.dtd">
<html xmlns="http://www.w3.org/1999/xhtml" xml:lang="en" lang="en">
 <head>
  <title>
</title>
<meta http-equiv="Content-Type" content="text/html;charset=utf-8" />
  <meta name='ocr-system' content='tesseract 3.04.00' />
  <meta name='ocr-capabilities' content='ocr_page ocr_carea ocr_par ocr_line ocrx_word'/>
</head>
<body>
  <div class='ocr_page' id='page_1' title='image "./antimachicoloph00antigoog_0079.png"; bbox 0 0 2880 4792; ppageno 0'>
   <div class='ocr_carea' id='block_1_1' title="bbox 286 296 1046 366">
    <p class='ocr_par' dir='ltr' id='par_1_1' title="bbox 286 296 1046 366">
     <span class='ocr_line' id='line_1_1' title="bbox 286 296 1046 366; baseline 0.003 -5"><span class='ocrx_word' id='word_1_1' title='bbox 286 296 333 365; x_wconf 76' lang='grc'><strong>64</strong></span> <span class='ocrx_word' id='word_1_2' title='bbox 592 314 814 364; x_wconf 74' lang='lat' dir='ltr'><strong>suriuscur</strong></span> <span class='ocrx_word' id='word_1_3' title='bbox 844 314 1046 366; x_wconf 74' lang='lat' dir='ltr'><strong>aemonis.</strong></span> 
     </span>
    </p>
   </div>
   <div class='ocr_carea' id='block_1_2' title="bbox 285 462 1359 1672">
    <p class='ocr_par' dir='ltr' id='par_1_2' title="bbox 285 462 1359 1672">
     <span class='ocr_line' id='line_1_2' title="bbox 285 462 1357 550; baseline -0.006 -21"><span class='ocrx_word' id='word_1_4' title='bbox 285 486 325 529; x_wconf 82' lang='lat' dir='ltr'><strong>ex</strong></span> <span class='ocrx_word' id='word_1_5' title='bbox 342 463 478 550; x_wconf 88' lang='lat' dir='ltr'><strong>antiquo</strong></span> <span class='ocrx_word' id='word_1_6' title='bbox 496 484 641 527; x_wconf 77' lang='lat' dir='ltr'><strong>sermone</strong></span> <span class='ocrx_word' id='word_1_7' title='bbox 663 462 844 548; x_wconf 89' lang='lat' dir='ltr'><strong>repetitum,</strong></span> <span class='ocrx_word' id='word_1_8' title='bbox 861 463 903 527; x_wconf 81' lang='lat' dir='ltr'><strong>sb</strong></span> <span class='ocrx_word' id='word_1_9' title='bbox 924 463 1036 526; x_wconf 83' lang='lat' dir='ltr'><strong>eadem</strong></span> <span class='ocrx_word' id='word_1_10' title='bbox 1059 463 1165 526; x_wconf 85' lang='lat' dir='ltr'><strong>radice</strong></span> <span class='ocrx_word' id='word_1_11' title='bbox 1182 463 1357 549; x_wconf 59' lang='lat' dir='ltr'><strong>pullulans,</strong></span> 
     </span>
     <span class='ocr_line' id='line_1_3' title="bbox 286 562 1359 652; baseline -0.002 -24"><span class='ocrx_word' id='word_1_12' title='bbox 286 564 372 628; x_wconf 90' lang='lat' dir='ltr'><strong>unde</strong></span> <span class='ocrx_word' id='word_1_13' title='bbox 395 573 446 627; x_wconf 89' lang='lat' dir='ltr'><strong>est</strong></span> <span class='ocrx_word' id='word_1_14' title='bbox 469 563 564 627; x_wconf 89' lang='lat' dir='ltr'><strong>hodie</strong></span> <span class='ocrx_word' id='word_1_15' title='bbox 589 563 750 650; x_wconf 85' lang='lat' dir='ltr'><strong>vulgatius</strong></span> <span class='ocrx_word' id='word_1_16' title='bbox 773 567 888 652; x_wconf 75' lang='grc' dir='ltr'>τεύχεα,</span> <span class='ocrx_word' id='word_1_17' title='bbox 936 562 1050 628; x_wconf 85' lang='lat' dir='ltr'>Fuisse</span> <span class='ocrx_word' id='word_1_18' title='bbox 1073 573 1183 627; x_wconf 88' lang='lat' dir='ltr'><strong>autem</strong></span> <span class='ocrx_word' id='word_1_19' title='bbox 1207 563 1359 627; x_wconf 88' lang='lat' dir='ltr'><strong>videntur</strong></span> 
     </span>
     <span class='ocr_line' id='line_1_4' title="bbox 285 663 1357 752; baseline -0.003 -22"><span class='ocrx_word' id='word_1_20' title='bbox 285 670 375 744; x_wconf 83' lang='grc' dir='ltr'>τεάιυ,</span> <span class='ocrx_word' id='word_1_21' title='bbox 389 669 503 752; x_wconf 83' lang='grc' dir='ltr'>τεάχω,</span> <span class='ocrx_word' id='word_1_22' title='bbox 516 668 645 746; x_wconf 82' lang='grc' dir='ltr'>τευτάω,</span> <span class='ocrx_word' id='word_1_23' title='bbox 660 668 781 751; x_wconf 86' lang='grc' dir='ltr'>τευμάιυ</span> <span class='ocrx_word' id='word_1_24' title='bbox 799 676 832 730; x_wconf 85' lang='lat' dir='ltr'><strong>et</strong></span> <span class='ocrx_word' id='word_1_25' title='bbox 851 668 1030 751; x_wconf 90' lang='grc' dir='ltr'>τευμάομαι.</span> <span class='ocrx_word' id='word_1_26' title='bbox 1077 663 1212 752; x_wconf 80' lang='lat' dir='ltr'>Spectat</span> <span class='ocrx_word' id='word_1_27' title='bbox 1233 665 1309 744; x_wconf 90' lang='lat' dir='ltr'><strong>huc,</strong></span> <span class='ocrx_word' id='word_1_28' title='bbox 1324 675 1357 729; x_wconf 90' lang='lat' dir='ltr'><strong>et</strong></span> 
     </span>
     <span class='ocr_line' id='line_1_5' title="bbox 287 764 1354 855; baseline 0 -27"><span class='ocrx_word' id='word_1_29' title='bbox 287 764 327 828; x_wconf 90' lang='lat' dir='ltr'><strong>ad</strong></span> <span class='ocrx_word' id='word_1_30' title='bbox 353 766 483 829; x_wconf 84' lang='lat' dir='ltr'><strong>eosdem</strong></span> <span class='ocrx_word' id='word_1_31' title='bbox 508 779 611 852; x_wconf 75' lang='lat' dir='ltr'><strong>poetae</strong></span> <span class='ocrx_word' id='word_1_32' title='bbox 637 789 756 845; x_wconf 86' lang='lat' dir='ltr'><strong>versus,</strong></span> <span class='ocrx_word' id='word_1_33' title='bbox 779 789 861 855; x_wconf 90' lang='lat' dir='ltr'><strong>quos</strong></span> <span class='ocrx_word' id='word_1_34' title='bbox 885 767 1095 855; x_wconf 80' lang='lat' dir='ltr'><strong>explicamus,</strong></span> <span class='ocrx_word' id='word_1_35' title='bbox 1117 766 1227 852; x_wconf 88' lang='lat' dir='ltr'><strong>Etym.</strong></span> <span class='ocrx_word' id='word_1_36' title='bbox 1252 765 1301 830; x_wconf 91' lang='lat' dir='ltr'><strong>M.</strong></span> <span class='ocrx_word' id='word_1_37' title='bbox 1323 789 1354 852; x_wconf 91' lang='lat' dir='ltr'><strong>p.</strong></span> 
     </span>
     <span class='ocr_line' id='line_1_6' title="bbox 287 868 1357 955; baseline 0.007 -26"><span class='ocrx_word' id='word_1_38' title='bbox 287 869 363 946; x_wconf 81' lang='lat'><strong>755,</strong></span> <span class='ocrx_word' id='word_1_39' title='bbox 380 868 401 931; x_wconf 89' lang='grc' dir='ltr'><strong>Ι.</strong></span> <span class='ocrx_word' id='word_1_40' title='bbox 415 871 469 933; x_wconf 80' lang='grc'><strong>50.</strong></span> <span class='ocrx_word' id='word_1_41' title='bbox 513 873 705 952; x_wconf 79' lang='grc' dir='ltr'>Τευμάσατο·</span> <span class='ocrx_word' id='word_1_42' title='bbox 726 871 991 954; x_wconf 79' lang='grc' dir='ltr'>παρεσκευάσατο,</span> <span class='ocrx_word' id='word_1_43' title='bbox 1002 872 1204 955; x_wconf 78' lang='grc' dir='ltr'>ἐτεχνήσατο·</span> <span class='ocrx_word' id='word_1_44' title='bbox 1230 869 1357 955; x_wconf 76' lang='grc' dir='ltr'>Εἴρηται</span> 
     </span>
     <span class='ocr_line' id='line_1_7' title="bbox 288 968 1356 1058; baseline -0.002 -20"><span class='ocrx_word' id='word_1_45' title='bbox 288 968 331 1047; x_wconf 72' lang='grc' dir='ltr'><strong>δὲ,</strong></span> <span class='ocrx_word' id='word_1_46' title='bbox 347 975 395 1037; x_wconf 88' lang='grc' dir='ltr'><strong>ὄτι</strong></span> <span class='ocrx_word' id='word_1_47' title='bbox 408 974 466 1037; x_wconf 80' lang='grc' dir='ltr'><strong>τὸν</strong></span> <span class='ocrx_word' id='word_1_48' title='bbox 481 974 644 1056; x_wconf 76' lang='grc' dir='ltr'>Τευμησὸν</span> <span class='ocrx_word' id='word_1_49' title='bbox 662 974 699 1037; x_wconf 86' lang='grc' dir='ltr'><strong>τὸ</strong></span> <span class='ocrx_word' id='word_1_50' title='bbox 718 973 797 1058; x_wconf 84' lang='grc' dir='ltr'>ὄρος</span> <span class='ocrx_word' id='word_1_51' title='bbox 815 973 876 1038; x_wconf 85' lang='grc' dir='ltr'><strong>ὑπὸ</strong></span> <span class='ocrx_word' id='word_1_52' title='bbox 894 979 950 1036; x_wconf 80' lang='grc' dir='ltr'><strong>τοῦ</strong></span> <span class='ocrx_word' id='word_1_53' title='bbox 970 974 1050 1047; x_wconf 84' lang='grc' dir='ltr'>Διὸς</span> <span class='ocrx_word' id='word_1_54' title='bbox 1069 975 1356 1038; x_wconf 62' lang='grc' dir='ltr'>κατασκευασθέντα</span> 
     </span>
     <span class='ocr_line' id='line_1_8' title="bbox 287 1071 1355 1159; baseline 0.002 -23"><span class='ocrx_word' id='word_1_55' title='bbox 287 1075 331 1147; x_wconf 74' lang='grc' dir='ltr'><strong>εἷς</strong></span> <span class='ocrx_word' id='word_1_56' title='bbox 342 1071 522 1157; x_wconf 67' lang='grc' dir='ltr'>α’πάκρνψιν</span> <span class='ocrx_word' id='word_1_57' title='bbox 539 1083 596 1149; x_wconf 81' lang='grc' dir='ltr'><strong>της</strong></span> <span class='ocrx_word' id='word_1_58' title='bbox 616 1074 772 1159; x_wconf 79' lang='grc' dir='ltr'>Εὐρώπης</span> <span class='ocrx_word' id='word_1_59' title='bbox 789 1073 853 1140; x_wconf 88' lang='grc' dir='ltr'>α’πὸ</span> <span class='ocrx_word' id='word_1_60' title='bbox 870 1076 994 1151; x_wconf 72' lang='grc' dir='ltr'>τούτου,</span> <span class='ocrx_word' id='word_1_61' title='bbox 1010 1071 1163 1149; x_wconf 64' lang='grc' dir='ltr'>κληθῆναι</span> <span class='ocrx_word' id='word_1_62' title='bbox 1179 1075 1355 1155; x_wconf 82' lang='grc' dir='ltr'>Τευμησὸν,</span> 
     </span>
     <span class='ocr_line' id='line_1_9' title="bbox 286 1170 1358 1261; baseline -0.001 -22"><span class='ocrx_word' id='word_1_63' title='bbox 286 1175 350 1240; x_wconf 81' lang='grc' dir='ltr'><strong>άπὸ</strong></span> <span class='ocrx_word' id='word_1_64' title='bbox 380 1181 436 1240; x_wconf 81' lang='grc' dir='ltr'><strong>τοῦ</strong></span> <span class='ocrx_word' id='word_1_65' title='bbox 466 1176 715 1241; x_wconf 66' lang='grc' dir='ltr'>κατεσκευάσθαι.</span> <span class='ocrx_word' id='word_1_66' title='bbox 767 1174 885 1261; x_wconf 85' lang='lat' dir='ltr'><strong>Liquet</strong></span> <span class='ocrx_word' id='word_1_67' title='bbox 913 1184 1066 1261; x_wconf 62' lang='lat' dir='ltr'><strong>praeterea</strong></span> <span class='ocrx_word' id='word_1_68' title='bbox 1095 1173 1181 1252; x_wconf 89' lang='lat' dir='ltr'><strong>hinc,</strong></span> <span class='ocrx_word' id='word_1_69' title='bbox 1218 1170 1358 1238; x_wconf 75' lang='lat' dir='ltr'><strong><em>Teumesi</em></strong></span> 
     </span>
     <span class='ocr_line' id='line_1_10' title="bbox 288 1275 1355 1364; baseline -0.001 -25"><span class='ocrx_word' id='word_1_70' title='bbox 288 1276 478 1341; x_wconf 87' lang='lat' dir='ltr'><strong>vocabulum</strong></span> <span class='ocrx_word' id='word_1_71' title='bbox 501 1277 590 1363; x_wconf 90' lang='lat' dir='ltr'><strong>prius</strong></span> <span class='ocrx_word' id='word_1_72' title='bbox 609 1297 679 1341; x_wconf 84' lang='lat' dir='ltr'><strong>esse</strong></span> <span class='ocrx_word' id='word_1_73' title='bbox 699 1286 732 1340; x_wconf 88' lang='lat' dir='ltr'><strong>et</strong></span> <span class='ocrx_word' id='word_1_74' title='bbox 752 1276 929 1364; x_wconf 86' lang='lat' dir='ltr'><strong>antiquius,</strong></span> <span class='ocrx_word' id='word_1_75' title='bbox 943 1286 977 1340; x_wconf 89' lang='lat' dir='ltr'><strong>et</strong></span> <span class='ocrx_word' id='word_1_76' title='bbox 995 1276 1037 1340; x_wconf 84' lang='lat' dir='ltr'><strong>od</strong></span> <span class='ocrx_word' id='word_1_77' title='bbox 1057 1275 1145 1363; x_wconf 90' lang='lat' dir='ltr'><strong>quod</strong></span> <span class='ocrx_word' id='word_1_78' title='bbox 1166 1275 1355 1342; x_wconf 84' lang='lat' dir='ltr'><strong>Antimachi</strong></span> 
     </span>
     <span class='ocr_line' id='line_1_11' title="bbox 288 1376 1357 1466; baseline 0.003 -26"><span class='ocrx_word' id='word_1_79' title='bbox 288 1378 412 1442; x_wconf 85' lang='lat' dir='ltr'><strong>notatio</strong></span> <span class='ocrx_word' id='word_1_80' title='bbox 427 1379 582 1465; x_wconf 86' lang='lat' dir='ltr'><strong>pertinere</strong></span> <span class='ocrx_word' id='word_1_81' title='bbox 603 1378 698 1442; x_wconf 89' lang='lat' dir='ltr'><strong>unice</strong></span> <span class='ocrx_word' id='word_1_82' title='bbox 717 1387 853 1466; x_wconf 82' lang='lat' dir='ltr'><strong>poterat.</strong></span> <span class='ocrx_word' id='word_1_83' title='bbox 899 1376 961 1443; x_wconf 87' lang='lat' dir='ltr'><strong>Sed</strong></span> <span class='ocrx_word' id='word_1_84' title='bbox 983 1388 1057 1443; x_wconf 89' lang='lat' dir='ltr'><strong>ante</strong></span> <span class='ocrx_word' id='word_1_85' title='bbox 1076 1377 1184 1443; x_wconf 86' lang='lat' dir='ltr'><strong>omnia</strong></span> <span class='ocrx_word' id='word_1_86' title='bbox 1199 1379 1357 1444; x_wconf 86' lang='lat' dir='ltr'><strong>tentanda</strong></span> 
     </span>
     <span class='ocr_line' id='line_1_12' title="bbox 287 1479 1358 1569; baseline 0.002 -25"><span class='ocrx_word' id='word_1_87' title='bbox 287 1480 351 1545; x_wconf 85' lang='lat' dir='ltr'><strong>fuit</strong></span> <span class='ocrx_word' id='word_1_88' title='bbox 365 1482 428 1546; x_wconf 90' lang='lat' dir='ltr'><strong>loci</strong></span> <span class='ocrx_word' id='word_1_89' title='bbox 444 1481 637 1558; x_wconf 77' lang='lat' dir='ltr'><strong>emendatio,</strong></span> <span class='ocrx_word' id='word_1_90' title='bbox 651 1502 749 1569; x_wconf 85' lang='lat' dir='ltr'><strong>quam</strong></span> <span class='ocrx_word' id='word_1_91' title='bbox 768 1480 901 1545; x_wconf 89' lang='lat' dir='ltr'><strong>timidus</strong></span> <span class='ocrx_word' id='word_1_92' title='bbox 919 1479 1069 1569; x_wconf 83' lang='lat' dir='ltr'><strong>equidem</strong></span> <span class='ocrx_word' id='word_1_93' title='bbox 1085 1481 1225 1545; x_wconf 88' lang='lat' dir='ltr'><strong>virorum</strong></span> <span class='ocrx_word' id='word_1_94' title='bbox 1240 1481 1358 1547; x_wconf 84' lang='lat' dir='ltr'><strong>intelli-</strong></span> 
     </span>
     <span class='ocr_line' id='line_1_13' title="bbox 287 1582 1106 1672; baseline -0.004 -23"><span class='ocrx_word' id='word_1_95' title='bbox 287 1584 432 1672; x_wconf 85' lang='lat' dir='ltr'><strong>gentium</strong></span> <span class='ocrx_word' id='word_1_96' title='bbox 443 1583 570 1670; x_wconf 89' lang='lat' dir='ltr'><strong>judicio</strong></span> <span class='ocrx_word' id='word_1_97' title='bbox 585 1604 771 1670; x_wconf 91' lang='lat' dir='ltr'><strong>proponam.</strong></span> <span class='ocrx_word' id='word_1_98' title='bbox 818 1582 962 1670; x_wconf 86' lang='lat' dir='ltr'><strong>Legerim</strong></span> <span class='ocrx_word' id='word_1_99' title='bbox 978 1605 1106 1670; x_wconf 89' lang='lat' dir='ltr'><strong>nempe:</strong></span> 
     </span>
    </p>
   </div>
   <div class='ocr_carea' id='block_1_3' title="bbox 369 1730 1231 2123">
    <p class='ocr_par' dir='ltr' id='par_1_3' title="bbox 369 1730 1163 2024">
     <span class='ocr_line' id='line_1_14' title="bbox 375 1730 1163 1819; baseline -0.005 -18"><span class='ocrx_word' id='word_1_100' title='bbox 375 1737 496 1802; x_wconf 82' lang='grc' dir='ltr'>Οάνεκά</span> <span class='ocrx_word' id='word_1_101' title='bbox 511 1739 542 1802; x_wconf 82' lang='lat' dir='ltr'><strong>oi</strong></span> <span class='ocrx_word' id='word_1_102' title='bbox 559 1730 718 1819; x_wconf 73' lang='grc' dir='ltr'>Κρονίδης</span> <span class='ocrx_word' id='word_1_103' title='bbox 732 1736 804 1799; x_wconf 80' lang='grc' dir='ltr'>ὅστε</span> <span class='ocrx_word' id='word_1_104' title='bbox 818 1736 897 1819; x_wconf 67' lang='grc' dir='ltr'>μέγα</span> <span class='ocrx_word' id='word_1_105' title='bbox 910 1737 1008 1799; x_wconf 78' lang='grc' dir='ltr'>πᾶσιν</span> <span class='ocrx_word' id='word_1_106' title='bbox 1022 1731 1163 1812; x_wconf 80' lang='grc' dir='ltr'>ἀνάσσει,</span> 
     </span>
     <span class='ocr_line' id='line_1_15' title="bbox 369 1835 1095 1922; baseline -0.004 -19"><span class='ocrx_word' id='word_1_107' title='bbox 369 1837 511 1922; x_wconf 79' lang='grc' dir='ltr'>Ἀνπρον</span> <span class='ocrx_word' id='word_1_108' title='bbox 523 1840 567 1903; x_wconf 75' lang='lat' dir='ltr'><strong>tvl</strong></span> <span class='ocrx_word' id='word_1_109' title='bbox 584 1839 655 1922; x_wconf 72' lang='grc' dir='ltr'>σκιῇ</span> <span class='ocrx_word' id='word_1_110' title='bbox 666 1839 851 1920; x_wconf 78' lang='grc' dir='ltr'>τευμάσατο,</span> <span class='ocrx_word' id='word_1_111' title='bbox 866 1837 968 1920; x_wconf 75' lang='grc' dir='ltr'>τόφρα</span> <span class='ocrx_word' id='word_1_112' title='bbox 984 1863 1035 1900; x_wconf 89' lang='grc' dir='ltr'>κεν</span> <span class='ocrx_word' id='word_1_113' title='bbox 1050 1835 1095 1911; x_wconf 74' lang='grc' dir='ltr'>εἴη</span> 
     </span>
     <span class='ocr_line' id='line_1_16' title="bbox 376 1936 1104 2024; baseline -0.004 -21"><span class='ocrx_word' id='word_1_114' title='bbox 376 1944 524 2012; x_wconf 79' lang='grc' dir='ltr'>Φοίνικος</span> <span class='ocrx_word' id='word_1_115' title='bbox 539 1940 637 2022; x_wconf 78' lang='grc' dir='ltr'>κούρα</span> <span class='ocrx_word' id='word_1_116' title='bbox 649 1940 842 2020; x_wconf 62' lang='grc' dir='ltr'>κεκευθμένα,</span> <span class='ocrx_word' id='word_1_117' title='bbox 854 1937 899 2011; x_wconf 85' lang='grc' dir='ltr'><strong>ὡς</strong></span> <span class='ocrx_word' id='word_1_118' title='bbox 914 1936 975 2024; x_wconf 82' lang='grc' dir='ltr'>ἄρα</span> <span class='ocrx_word' id='word_1_119' title='bbox 988 1940 1031 2020; x_wconf 76' lang='grc' dir='ltr'><strong>μή</strong></span> <span class='ocrx_word' id='word_1_120' title='bbox 1045 1964 1104 2014; x_wconf 82' lang='grc' dir='ltr'>τις,</span> 
     </span>
    </p>

    <p class='ocr_par' dir='ltr' id='par_1_4' title="bbox 377 2035 1231 2123">
     <span class='ocr_line' id='line_1_17' title="bbox 377 2035 1231 2123; baseline -0.005 -19"><span class='ocrx_word' id='word_1_121' title='bbox 377 2036 463 2115; x_wconf 74' lang='grc' dir='ltr'>Μηδὲ</span> <span class='ocrx_word' id='word_1_122' title='bbox 478 2042 562 2104; x_wconf 66' lang='grc' dir='ltr'>θεῶν</span> <span class='ocrx_word' id='word_1_123' title='bbox 576 2037 682 2113; x_wconf 77' lang='grc' dir='ltr'>ἄλλος</span> <span class='ocrx_word' id='word_1_124' title='bbox 697 2064 732 2123; x_wconf 80' lang='grc' dir='ltr'>γε</span> <span class='ocrx_word' id='word_1_125' title='bbox 748 2036 848 2123; x_wconf 71' lang='grc' dir='ltr'>παρὲξ</span> <span class='ocrx_word' id='word_1_126' title='bbox 864 2035 1040 2123; x_wconf 83' lang='grc' dir='ltr'>φράσσαιτό</span> <span class='ocrx_word' id='word_1_127' title='bbox 1055 2065 1107 2103; x_wconf 86' lang='grc' dir='ltr'>κεν</span> <span class='ocrx_word' id='word_1_128' title='bbox 1122 2038 1231 2104; x_wconf 78' lang='grc' dir='ltr'>αὐτοῦ.</span> 
     </span>
    </p>
   </div>
   <div class='ocr_carea' id='block_1_4' title="bbox 233 2185 1424 3597">
    <p class='ocr_par' dir='ltr' id='par_1_5' title="bbox 233 2185 1424 3597">
     <span class='ocr_line' id='line_1_18' title="bbox 289 2185 1361 2274; baseline 0.001 -26"><span class='ocrx_word' id='word_1_129' title='bbox 289 2186 393 2251; x_wconf 88' lang='lat' dir='ltr'><strong>Versu</strong></span> <span class='ocrx_word' id='word_1_130' title='bbox 419 2187 441 2249; x_wconf 92' lang='lat' dir='ltr'><strong>l.</strong></span> <span class='ocrx_word' id='word_1_131' title='bbox 464 2208 503 2251; x_wconf 89' lang='lat' dir='ltr'><strong>ex</strong></span> <span class='ocrx_word' id='word_1_132' title='bbox 528 2185 623 2250; x_wconf 87' lang='lat' dir='ltr'><strong>Hom.</strong></span> <span class='ocrx_word' id='word_1_133' title='bbox 651 2186 688 2252; x_wconf 91' lang='lat' dir='ltr'><strong>ll.</strong></span> <span class='ocrx_word' id='word_1_134' title='bbox 715 2186 754 2274; x_wconf 86' lang='grc' dir='ltr'><strong>β.</strong></span> <span class='ocrx_word' id='word_1_135' title='bbox 776 2187 851 2265; x_wconf 87' lang='grc'><strong>669,</strong></span> <span class='ocrx_word' id='word_1_136' title='bbox 875 2186 1011 2274; x_wconf 90' lang='lat' dir='ltr'><strong>aliisque</strong></span> <span class='ocrx_word' id='word_1_137' title='bbox 1036 2186 1117 2250; x_wconf 89' lang='lat' dir='ltr'><strong>locis</strong></span> <span class='ocrx_word' id='word_1_138' title='bbox 1141 2185 1249 2273; x_wconf 87' lang='lat' dir='ltr'><strong>recepi</strong></span> <span class='ocrx_word' id='word_1_139' title='bbox 1276 2189 1361 2252; x_wconf 83' lang='grc' dir='ltr'>ὅστε.</span> 
     </span>
     <span class='ocr_line' id='line_1_19' title="bbox 291 2285 1360 2374; baseline 0.003 -26"><span class='ocrx_word' id='word_1_140' title='bbox 291 2285 400 2350; x_wconf 78' lang='lat' dir='ltr'><strong>Possit</strong></span> <span class='ocrx_word' id='word_1_141' title='bbox 422 2286 517 2349; x_wconf 84' lang='lat' dir='ltr'><strong>etiam</strong></span> <span class='ocrx_word' id='word_1_142' title='bbox 543 2288 581 2364; x_wconf 80' lang='grc' dir='ltr'><strong>ὃς</strong></span> <span class='ocrx_word' id='word_1_143' title='bbox 603 2285 641 2366; x_wconf 78' lang='grc' dir='ltr'><strong>δὴ</strong></span> <span class='ocrx_word' id='word_1_144' title='bbox 663 2318 696 2374; x_wconf 87' lang='grc' dir='ltr'><strong>μ.</strong></span> <span class='ocrx_word' id='word_1_145' title='bbox 717 2318 751 2356; x_wconf 89' lang='grc' dir='ltr'><strong>π.</strong></span> <span class='ocrx_word' id='word_1_146' title='bbox 772 2286 912 2356; x_wconf 84' lang='grc' dir='ltr'>α’νάσσει.</span> <span class='ocrx_word' id='word_1_147' title='bbox 958 2286 1000 2351; x_wconf 91' lang='lat' dir='ltr'><strong>V.</strong></span> <span class='ocrx_word' id='word_1_148' title='bbox 1015 2287 1048 2351; x_wconf 84' lang='lat'><strong>2.</strong></span> <span class='ocrx_word' id='word_1_149' title='bbox 1065 2286 1099 2350; x_wconf 92' lang='lat' dir='ltr'><strong>ni</strong></span> <span class='ocrx_word' id='word_1_150' title='bbox 1120 2286 1224 2367; x_wconf 85' lang='lat' dir='ltr'><strong>fallor,</strong></span> <span class='ocrx_word' id='word_1_151' title='bbox 1243 2286 1360 2351; x_wconf 89' lang='lat' dir='ltr'><strong>vitium</strong></span> 
     </span>
     <span class='ocr_line' id='line_1_20' title="bbox 288 2387 1361 2478; baseline 0.003 -27"><span class='ocrx_word' id='word_1_152' title='bbox 288 2387 395 2453; x_wconf 91' lang='lat' dir='ltr'><strong>adhuc</strong></span> <span class='ocrx_word' id='word_1_153' title='bbox 419 2399 575 2474; x_wconf 85' lang='lat' dir='ltr'><strong>superest.</strong></span> <span class='ocrx_word' id='word_1_154' title='bbox 608 2388 729 2455; x_wconf 78' lang='lat' dir='ltr'><strong>Saltem</strong></span> <span class='ocrx_word' id='word_1_155' title='bbox 747 2390 827 2454; x_wconf 90' lang='lat' dir='ltr'><strong>mihi</strong></span> <span class='ocrx_word' id='word_1_156' title='bbox 852 2412 1018 2478; x_wconf 89' lang='lat' dir='ltr'><strong>nunquam</strong></span> <span class='ocrx_word' id='word_1_157' title='bbox 1039 2389 1177 2477; x_wconf 87' lang='lat' dir='ltr'><strong>legendo</strong></span> <span class='ocrx_word' id='word_1_158' title='bbox 1200 2391 1304 2476; x_wconf 87' lang='lat' dir='ltr'><strong>prima</strong></span> <span class='ocrx_word' id='word_1_159' title='bbox 1327 2390 1361 2454; x_wconf 89' lang='lat' dir='ltr'><strong>in</strong></span> 
     </span>
     <span class='ocr_line' id='line_1_21' title="bbox 291 2491 1360 2580; baseline 0.002 -23"><span class='ocrx_word' id='word_1_160' title='bbox 291 2495 360 2558; x_wconf 87' lang='grc' dir='ltr'>σκιὰ</span> <span class='ocrx_word' id='word_1_161' title='bbox 386 2491 541 2578; x_wconf 88' lang='lat' dir='ltr'><strong>producta</strong></span> <span class='ocrx_word' id='word_1_162' title='bbox 559 2493 706 2557; x_wconf 88' lang='lat' dir='ltr'><strong>occurrit.</strong></span> <span class='ocrx_word' id='word_1_163' title='bbox 752 2494 803 2557; x_wconf 77' lang='lat' dir='ltr'><strong>An</strong></span> <span class='ocrx_word' id='word_1_164' title='bbox 827 2492 999 2578; x_wconf 87' lang='lat' dir='ltr'><strong>legendnm</strong></span> <span class='ocrx_word' id='word_1_165' title='bbox 1024 2493 1143 2578; x_wconf 81' lang='grc' dir='ltr'>ἄντρον</span> <span class='ocrx_word' id='word_1_166' title='bbox 1166 2496 1212 2559; x_wconf 80' lang='grc' dir='ltr'><strong>ἐνὶ</strong></span> <span class='ocrx_word' id='word_1_167' title='bbox 1235 2495 1360 2580; x_wconf 84' lang='grc' dir='ltr'>σκιερὸν</span> 
     </span>
     <span class='ocr_line' id='line_1_22' title="bbox 288 2594 1362 2682; baseline -0.001 -22"><span class='ocrx_word' id='word_1_168' title='bbox 288 2595 484 2681; x_wconf 63' lang='grc' dir='ltr'>τευμήσατοῗ</span> <span class='ocrx_word' id='word_1_169' title='bbox 530 2594 595 2658; x_wconf 91' lang='lat' dir='ltr'><strong>Ubi</strong></span> <span class='ocrx_word' id='word_1_170' title='bbox 619 2599 840 2680; x_wconf 79' lang='grc' dir='ltr'>ἐνετευμάσιιτο</span> <span class='ocrx_word' id='word_1_171' title='bbox 864 2603 947 2658; x_wconf 82' lang='lat' dir='ltr'><strong>esset</strong></span> <span class='ocrx_word' id='word_1_172' title='bbox 970 2594 1201 2682; x_wconf 87' lang='lat' dir='ltr'><strong>copulandum.</strong></span> <span class='ocrx_word' id='word_1_173' title='bbox 1250 2595 1362 2660; x_wconf 85' lang='lat' dir='ltr'><strong>Potuit</strong></span> 
     </span>
     <span class='ocr_line' id='line_1_23' title="bbox 290 2694 1360 2784; baseline -0.001 -25"><span class='ocrx_word' id='word_1_174' title='bbox 290 2719 419 2784; x_wconf 90' lang='lat' dir='ltr'><strong>quoque</strong></span> <span class='ocrx_word' id='word_1_175' title='bbox 440 2696 535 2760; x_wconf 83' lang='lat' dir='ltr'><strong>scribi</strong></span> <span class='ocrx_word' id='word_1_176' title='bbox 557 2695 674 2782; x_wconf 84' lang='grc' dir='ltr'>ἄντρον</span> <span class='ocrx_word' id='word_1_177' title='bbox 691 2694 852 2782; x_wconf 74' lang='grc' dir='ltr'>ἠλίβατον</span> <span class='ocrx_word' id='word_1_178' title='bbox 870 2718 925 2760; x_wconf 91' lang='lat' dir='ltr'><strong>seu</strong></span> <span class='ocrx_word' id='word_1_179' title='bbox 943 2694 1094 2782; x_wconf 65' lang='grc' dir='ltr'>ἠγάθεον,</span> <span class='ocrx_word' id='word_1_180' title='bbox 1110 2705 1143 2760; x_wconf 88' lang='lat' dir='ltr'><strong>et</strong></span> <span class='ocrx_word' id='word_1_181' title='bbox 1163 2695 1225 2759; x_wconf 92' lang='lat' dir='ltr'><strong>hoc</strong></span> <span class='ocrx_word' id='word_1_182' title='bbox 1246 2704 1360 2782; x_wconf 86' lang='lat' dir='ltr'><strong>postea</strong></span> 
     </span>
     <span class='ocr_line' id='line_1_24' title="bbox 290 2796 1358 2885; baseline -0.001 -23"><span class='ocrx_word' id='word_1_183' title='bbox 290 2799 442 2884; x_wconf 85' lang='lat' dir='ltr'><strong>explicari</strong></span> <span class='ocrx_word' id='word_1_184' title='bbox 467 2803 499 2864; x_wconf 84' lang='grc' dir='ltr'><strong>ἐν</strong></span> <span class='ocrx_word' id='word_1_185' title='bbox 524 2802 603 2884; x_wconf 71' lang='grc' dir='ltr'>σκιᾷ.</span> <span class='ocrx_word' id='word_1_186' title='bbox 648 2797 712 2861; x_wconf 84' lang='lat' dir='ltr'><strong>Sed</strong></span> <span class='ocrx_word' id='word_1_187' title='bbox 738 2796 817 2885; x_wconf 86' lang='lat' dir='ltr'><strong>quid</strong></span> <span class='ocrx_word' id='word_1_188' title='bbox 846 2819 909 2863; x_wconf 91' lang='lat' dir='ltr'><strong>non</strong></span> <span class='ocrx_word' id='word_1_189' title='bbox 932 2798 1039 2885; x_wconf 90' lang='lat' dir='ltr'><strong>potuit</strong></span> <span class='ocrx_word' id='word_1_190' title='bbox 1065 2799 1132 2862; x_wconf 86' lang='lat' dir='ltr'><strong>fieri</strong></span> <span class='ocrx_word' id='word_1_191' title='bbox 1158 2797 1192 2861; x_wconf 94' lang='lat' dir='ltr'><strong>in</strong></span> <span class='ocrx_word' id='word_1_192' title='bbox 1218 2797 1358 2863; x_wconf 88' lang='lat' dir='ltr'><strong>talibus!</strong></span> 
     </span>
     <span class='ocr_line' id='line_1_25' title="bbox 294 2897 1360 2986; baseline 0.001 -23"><span class='ocrx_word' id='word_1_193' title='bbox 294 2900 420 2964; x_wconf 90' lang='lat' dir='ltr'><strong>Deinde</strong></span> <span class='ocrx_word' id='word_1_194' title='bbox 436 2924 466 2964; x_wconf 89' lang='lat' dir='ltr'><strong>v.</strong></span> <span class='ocrx_word' id='word_1_195' title='bbox 486 2901 516 2964; x_wconf 73' lang='grc'><strong>2.</strong></span> <span class='ocrx_word' id='word_1_196' title='bbox 532 2897 688 2986; x_wconf 80' lang='grc' dir='ltr'>τοφράκεν</span> <span class='ocrx_word' id='word_1_197' title='bbox 703 2899 835 2979; x_wconf 82' lang='lat' dir='ltr'><strong>divulsi,</strong></span> <span class='ocrx_word' id='word_1_198' title='bbox 853 2912 945 2978; x_wconf 90' lang='lat' dir='ltr'><strong>recte,</strong></span> <span class='ocrx_word' id='word_1_199' title='bbox 961 2910 998 2964; x_wconf 91' lang='lat' dir='ltr'><strong>ut</strong></span> <span class='ocrx_word' id='word_1_200' title='bbox 1012 2900 1135 2986; x_wconf 88' lang='lat' dir='ltr'><strong>opinor.</strong></span> <span class='ocrx_word' id='word_1_201' title='bbox 1181 2899 1224 2965; x_wconf 89' lang='lat' dir='ltr'><strong>V.</strong></span> <span class='ocrx_word' id='word_1_202' title='bbox 1242 2900 1274 2966; x_wconf 85' lang='lat'><strong>3.</strong></span> <span class='ocrx_word' id='word_1_203' title='bbox 1320 2899 1360 2964; x_wconf 91' lang='lat' dir='ltr'><strong>ln</strong></span> 
     </span>
     <span class='ocr_line' id='line_1_26' title="bbox 291 3001 1424 3090; baseline -0.002 -21"><span class='ocrx_word' id='word_1_204' title='bbox 291 3007 389 3090; x_wconf 81' lang='grc' dir='ltr'>κοάρα</span> <span class='ocrx_word' id='word_1_205' title='bbox 404 3032 463 3070; x_wconf 85' lang='grc' dir='ltr'>κεκ.</span> <span class='ocrx_word' id='word_1_206' title='bbox 481 3001 633 3067; x_wconf 85' lang='lat' dir='ltr'><strong>Doricam</strong></span> <span class='ocrx_word' id='word_1_207' title='bbox 648 3002 782 3065; x_wconf 77' lang='lat' dir='ltr'><strong>formam</strong></span> <span class='ocrx_word' id='word_1_208' title='bbox 803 3023 866 3065; x_wconf 91' lang='lat' dir='ltr'><strong>non</strong></span> <span class='ocrx_word' id='word_1_209' title='bbox 887 3011 1030 3087; x_wconf 84' lang='lat' dir='ltr'><strong>tangam,</strong></span> <span class='ocrx_word' id='word_1_210' title='bbox 1045 3001 1122 3066; x_wconf 88' lang='lat' dir='ltr'><strong>licet</strong></span> <span class='ocrx_word' id='word_1_211' title='bbox 1142 3002 1176 3066; x_wconf 91' lang='lat' dir='ltr'><strong>in</strong></span> <span class='ocrx_word' id='word_1_212' title='bbox 1192 3003 1264 3067; x_wconf 86' lang='lat' dir='ltr'><strong>loco</strong></span> <span class='ocrx_word' id='word_1_213' title='bbox 1279 3002 1360 3068; x_wconf 91' lang='lat' dir='ltr'><strong>adeo</strong></span> <span class='ocrx_word' id='word_1_214' title='bbox 1421 3084 1424 3089; x_wconf 13' lang='grc' dir='ltr'><strong>Α</strong></span> 
     </span>
     <span class='ocr_line' id='line_1_27' title="bbox 291 3103 1361 3192; baseline 0.001 -25"><span class='ocrx_word' id='word_1_215' title='bbox 291 3116 439 3192; x_wconf 88' lang='lat' dir='ltr'><strong>corrupto</strong></span> <span class='ocrx_word' id='word_1_216' title='bbox 463 3104 543 3166; x_wconf 88' lang='lat' dir='ltr'><strong>nihil</strong></span> <span class='ocrx_word' id='word_1_217' title='bbox 567 3103 642 3168; x_wconf 90' lang='lat' dir='ltr'><strong>inde</strong></span> <span class='ocrx_word' id='word_1_218' title='bbox 666 3104 769 3190; x_wconf 87' lang='lat' dir='ltr'><strong>possit</strong></span> <span class='ocrx_word' id='word_1_219' title='bbox 790 3103 884 3166; x_wconf 88' lang='lat' dir='ltr'><strong>effici.</strong></span> <span class='ocrx_word' id='word_1_220' title='bbox 931 3103 1012 3167; x_wconf 87' lang='lat' dir='ltr'><strong>Mox</strong></span> <span class='ocrx_word' id='word_1_221' title='bbox 1036 3126 1093 3190; x_wconf 92' lang='lat' dir='ltr'><strong>pro</strong></span> <span class='ocrx_word' id='word_1_222' title='bbox 1116 3107 1155 3181; x_wconf 82' lang='grc' dir='ltr'><strong>ὅς</strong></span> <span class='ocrx_word' id='word_1_223' title='bbox 1173 3104 1227 3190; x_wconf 85' lang='grc' dir='ltr'>ῥα,</span> <span class='ocrx_word' id='word_1_224' title='bbox 1247 3105 1361 3191; x_wconf 89' lang='lat' dir='ltr'><strong>majori</strong></span> 
     </span>
     <span class='ocr_line' id='line_1_28' title="bbox 233 3204 1361 3293; baseline 0.007 -27"><span class='ocrx_word' id='word_1_225' title='bbox 233 3245 239 3259; x_wconf 79' lang='lat'><strong>·</strong></span> <span class='ocrx_word' id='word_1_226' title='bbox 291 3204 545 3292; x_wconf 82' lang='lat' dir='ltr'><strong>interpunctione</strong></span> <span class='ocrx_word' id='word_1_227' title='bbox 565 3214 639 3269; x_wconf 91' lang='lat' dir='ltr'><strong>ante</strong></span> <span class='ocrx_word' id='word_1_228' title='bbox 659 3206 798 3283; x_wconf 88' lang='lat' dir='ltr'><strong>sublata,</strong></span> <span class='ocrx_word' id='word_1_229' title='bbox 815 3205 889 3269; x_wconf 91' lang='lat' dir='ltr'><strong>dedi</strong></span> <span class='ocrx_word' id='word_1_230' title='bbox 906 3207 949 3281; x_wconf 82' lang='grc' dir='ltr'><strong>ὡς</strong></span> <span class='ocrx_word' id='word_1_231' title='bbox 968 3205 1042 3292; x_wconf 87' lang='grc' dir='ltr'>άρα,</span> <span class='ocrx_word' id='word_1_232' title='bbox 1058 3215 1091 3271; x_wconf 89' lang='lat' dir='ltr'><strong>et</strong></span> <span class='ocrx_word' id='word_1_233' title='bbox 1110 3228 1166 3292; x_wconf 89' lang='lat' dir='ltr'><strong>pro</strong></span> <span class='ocrx_word' id='word_1_234' title='bbox 1188 3204 1308 3293; x_wconf 81' lang='grc' dir='ltr'>φράσαι</span> <span class='ocrx_word' id='word_1_235' title='bbox 1322 3210 1361 3273; x_wconf 88' lang='grc' dir='ltr'><strong>τό</strong></span> 
     </span>
     <span class='ocr_line' id='line_1_29' title="bbox 292 3306 1359 3395; baseline 0 -20"><span class='ocrx_word' id='word_1_236' title='bbox 292 3337 354 3388; x_wconf 85' lang='grc' dir='ltr'>κεν,</span> <span class='ocrx_word' id='word_1_237' title='bbox 367 3306 542 3395; x_wconf 82' lang='grc' dir='ltr'>φράσσαιτό</span> <span class='ocrx_word' id='word_1_238' title='bbox 556 3336 617 3374; x_wconf 87' lang='grc' dir='ltr'>κεν.</span> <span class='ocrx_word' id='word_1_239' title='bbox 663 3307 784 3372; x_wconf 90' lang='lat' dir='ltr'><strong>Parum</strong></span> <span class='ocrx_word' id='word_1_240' title='bbox 805 3316 913 3371; x_wconf 88' lang='lat' dir='ltr'><strong>tamen</strong></span> <span class='ocrx_word' id='word_1_241' title='bbox 932 3307 993 3395; x_wconf 89' lang='lat' dir='ltr'><strong>ipsi</strong></span> <span class='ocrx_word' id='word_1_242' title='bbox 1016 3308 1093 3371; x_wconf 88' lang='lat' dir='ltr'><strong>mihi</strong></span> <span class='ocrx_word' id='word_1_243' title='bbox 1115 3308 1185 3373; x_wconf 90' lang='lat' dir='ltr'><strong>haec</strong></span> <span class='ocrx_word' id='word_1_244' title='bbox 1208 3311 1359 3395; x_wconf 81' lang='lat' dir='ltr'><strong>placent:</strong></span> 
     </span>
     <span class='ocr_line' id='line_1_30' title="bbox 292 3406 1363 3493; baseline 0 -19"><span class='ocrx_word' id='word_1_245' title='bbox 292 3410 336 3484; x_wconf 86' lang='grc' dir='ltr'><strong>ὡς</strong></span> <span class='ocrx_word' id='word_1_246' title='bbox 359 3412 402 3493; x_wconf 77' lang='grc' dir='ltr'><strong>μή</strong></span> <span class='ocrx_word' id='word_1_247' title='bbox 422 3436 479 3485; x_wconf 84' lang='grc' dir='ltr'><strong>τις,</strong></span> <span class='ocrx_word' id='word_1_248' title='bbox 501 3406 576 3492; x_wconf 77' lang='grc' dir='ltr'>μηδὲ</span> <span class='ocrx_word' id='word_1_249' title='bbox 599 3413 682 3475; x_wconf 65' lang='grc' dir='ltr'>θεῶν</span> <span class='ocrx_word' id='word_1_250' title='bbox 703 3408 825 3487; x_wconf 83' lang='grc' dir='ltr'>άλλος;</span> <span class='ocrx_word' id='word_1_251' title='bbox 850 3409 917 3487; x_wconf 81' lang='lat' dir='ltr'><strong>sed,</strong></span> <span class='ocrx_word' id='word_1_252' title='bbox 939 3418 976 3472; x_wconf 90' lang='lat' dir='ltr'><strong>ut</strong></span> <span class='ocrx_word' id='word_1_253' title='bbox 997 3418 1084 3487; x_wconf 89' lang='lat' dir='ltr'><strong>sunt,</strong></span> <span class='ocrx_word' id='word_1_254' title='bbox 1107 3409 1149 3474; x_wconf 82' lang='lat' dir='ltr'><strong>ad</strong></span> <span class='ocrx_word' id='word_1_255' title='bbox 1172 3415 1223 3487; x_wconf 79' lang='grc' dir='ltr'><strong>τὶς</strong></span> <span class='ocrx_word' id='word_1_256' title='bbox 1245 3410 1363 3475; x_wconf 87' lang='lat' dir='ltr'><strong>intelli-</strong></span> 
     </span>
     <span class='ocr_line' id='line_1_31' title="bbox 290 3509 1362 3597; baseline 0.003 -24"><span class='ocrx_word' id='word_1_257' title='bbox 290 3510 430 3595; x_wconf 84' lang='lat' dir='ltr'><strong>gendum</strong></span> <span class='ocrx_word' id='word_1_258' title='bbox 443 3510 501 3573; x_wconf 86' lang='lat' dir='ltr'><strong>erit</strong></span> <span class='ocrx_word' id='word_1_259' title='bbox 518 3509 700 3597; x_wconf 59' lang='grc' dir='ltr'>ἄνθρωπος.</span> <span class='ocrx_word' id='word_1_260' title='bbox 746 3509 896 3575; x_wconf 88' lang='lat' dir='ltr'><strong>Ceterum</strong></span> <span class='ocrx_word' id='word_1_261' title='bbox 912 3510 953 3575; x_wconf 93' lang='lat' dir='ltr'><strong>de</strong></span> <span class='ocrx_word' id='word_1_262' title='bbox 969 3510 1081 3596; x_wconf 85' lang='lat' dir='ltr'><strong>mytho</strong></span> <span class='ocrx_word' id='word_1_263' title='bbox 1097 3509 1236 3596; x_wconf 85' lang='lat' dir='ltr'><strong>Europae</strong></span> <span class='ocrx_word' id='word_1_264' title='bbox 1249 3532 1268 3574; x_wconf 91' lang='lat' dir='ltr'><strong>a</strong></span> <span class='ocrx_word' id='word_1_265' title='bbox 1282 3510 1362 3576; x_wconf 82' lang='lat' dir='ltr'><strong>Jove</strong></span> 
     </span>
    </p>
   </div>
   <div class='ocr_carea' id='block_1_5' title="bbox 179 3611 1360 3701">
    <p class='ocr_par' dir='ltr' id='par_1_6' title="bbox 179 3611 1360 3701">
     <span class='ocr_line' id='line_1_32' title="bbox 179 3611 1360 3701; baseline 0.007 -28"><span class='ocrx_word' id='word_1_266' title='bbox 179 3681 181 3686; x_wconf 87' lang='lat'><strong>.</strong></span> <span class='ocrx_word' id='word_1_267' title='bbox 290 3613 439 3676; x_wconf 89' lang='lat' dir='ltr'><strong>abductae</strong></span> <span class='ocrx_word' id='word_1_268' title='bbox 464 3613 523 3676; x_wconf 89' lang='lat' dir='ltr'><strong>hoc</strong></span> <span class='ocrx_word' id='word_1_269' title='bbox 547 3612 580 3675; x_wconf 93' lang='lat' dir='ltr'><strong>in</strong></span> <span class='ocrx_word' id='word_1_270' title='bbox 602 3611 711 3699; x_wconf 89' lang='lat' dir='ltr'><strong>primis</strong></span> <span class='ocrx_word' id='word_1_271' title='bbox 739 3614 890 3692; x_wconf 89' lang='lat' dir='ltr'><strong>notabile,</strong></span> <span class='ocrx_word' id='word_1_272' title='bbox 914 3613 1003 3701; x_wconf 91' lang='lat' dir='ltr'><strong>quod</strong></span> <span class='ocrx_word' id='word_1_273' title='bbox 1029 3636 1048 3676; x_wconf 91' lang='lat' dir='ltr'><strong>a</strong></span> <span class='ocrx_word' id='word_1_274' title='bbox 1070 3622 1165 3700; x_wconf 90' lang='lat' dir='ltr'><strong>poeta</strong></span> <span class='ocrx_word' id='word_1_275' title='bbox 1190 3613 1360 3681; x_wconf 85' lang='lat' dir='ltr'><strong>Phoeniois</strong></span> 
     </span>
    </p>
   </div>
   <div class='ocr_carea' id='block_1_6' title="bbox 290 3713 1360 4006">
    <p class='ocr_par' dir='ltr' id='par_1_7' title="bbox 290 3713 1360 4006">
     <span class='ocr_line' id='line_1_33' title="bbox 290 3713 1360 3805; baseline 0.007 -30"><span class='ocrx_word' id='word_1_276' title='bbox 290 3713 357 3777; x_wconf 89' lang='lat' dir='ltr'><strong>filia</strong></span> <span class='ocrx_word' id='word_1_277' title='bbox 369 3714 401 3776; x_wconf 91' lang='lat' dir='ltr'><strong>in</strong></span> <span class='ocrx_word' id='word_1_278' title='bbox 413 3713 601 3778; x_wconf 87' lang='lat' dir='ltr'><strong>Thebanum</strong></span> <span class='ocrx_word' id='word_1_279' title='bbox 615 3736 729 3802; x_wconf 84' lang='lat' dir='ltr'><strong>agrum</strong></span> <span class='ocrx_word' id='word_1_280' title='bbox 741 3716 923 3796; x_wconf 89' lang='lat' dir='ltr'><strong>deducitur,</strong></span> <span class='ocrx_word' id='word_1_281' title='bbox 936 3717 1024 3805; x_wconf 89' lang='lat' dir='ltr'><strong>quod</strong></span> <span class='ocrx_word' id='word_1_282' title='bbox 1040 3716 1164 3782; x_wconf 87' lang='lat' dir='ltr'><strong>solenni</strong></span> <span class='ocrx_word' id='word_1_283' title='bbox 1177 3726 1360 3783; x_wconf 86' lang='lat' dir='ltr'><strong>ceterorum</strong></span> 
     </span>
     <span class='ocr_line' id='line_1_34' title="bbox 291 3815 1359 3905; baseline 0.006 -28"><span class='ocrx_word' id='word_1_284' title='bbox 291 3815 462 3880; x_wconf 86' lang='lat' dir='ltr'><strong>narrationi</strong></span> <span class='ocrx_word' id='word_1_285' title='bbox 483 3838 547 3880; x_wconf 91' lang='lat' dir='ltr'><strong>non</strong></span> <span class='ocrx_word' id='word_1_286' title='bbox 571 3840 682 3904; x_wconf 89' lang='lat' dir='ltr'><strong>parum</strong></span> <span class='ocrx_word' id='word_1_287' title='bbox 705 3818 901 3883; x_wconf 90' lang='lat' dir='ltr'><strong>adversatur.</strong></span> <span class='ocrx_word' id='word_1_288' title='bbox 948 3818 1021 3883; x_wconf 92' lang='lat' dir='ltr'><strong>Non</strong></span> <span class='ocrx_word' id='word_1_289' title='bbox 1047 3819 1223 3905; x_wconf 83' lang='lat' dir='ltr'><strong>ignobilem</strong></span> <span class='ocrx_word' id='word_1_290' title='bbox 1249 3829 1359 3884; x_wconf 86' lang='lat' dir='ltr'><strong>tamen</strong></span> 
     </span>
     <span class='ocr_line' id='line_1_35' title="bbox 290 3917 1359 4006; baseline 0.007 -27"><span class='ocrx_word' id='word_1_291' title='bbox 290 3917 376 3982; x_wconf 91' lang='lat' dir='ltr'><strong>hunc</strong></span> <span class='ocrx_word' id='word_1_292' title='bbox 392 3920 542 3983; x_wconf 86' lang='lat' dir='ltr'><strong>narrandi</strong></span> <span class='ocrx_word' id='word_1_293' title='bbox 556 3921 684 3983; x_wconf 89' lang='lat' dir='ltr'><strong>modam</strong></span> <span class='ocrx_word' id='word_1_294' title='bbox 701 3920 811 3997; x_wconf 83' lang='lat' dir='ltr'><strong>fuisse,</strong></span> <span class='ocrx_word' id='word_1_295' title='bbox 827 3922 934 4006; x_wconf 88' lang='lat' dir='ltr'><strong>prodit</strong></span> <span class='ocrx_word' id='word_1_296' title='bbox 950 3921 1092 3985; x_wconf 90' lang='lat' dir='ltr'><strong>Pausan.</strong></span> <span class='ocrx_word' id='word_1_297' title='bbox 1141 3919 1249 3986; x_wconf 90' lang='lat' dir='ltr'><strong>Boeot.</strong></span> <span class='ocrx_word' id='word_1_298' title='bbox 1262 3944 1292 3986; x_wconf 91' lang='lat' dir='ltr'><strong>e.</strong></span> <span class='ocrx_word' id='word_1_299' title='bbox 1308 3923 1359 4000; x_wconf 89' lang='grc'><strong>19,</strong></span> 
     </span>
    </p>
   </div>
   <div class='ocr_carea' id='block_1_7' title="bbox 290 4019 1363 4212">
    <p class='ocr_par' dir='ltr' id='par_1_8' title="bbox 290 4019 1363 4212">
     <span class='ocr_line' id='line_1_36' title="bbox 290 4019 1363 4110; baseline 0.009 -29"><span class='ocrx_word' id='word_1_300' title='bbox 290 4041 336 4104; x_wconf 86' lang='lat' dir='ltr'><strong>pr.</strong></span> <span class='ocrx_word' id='word_1_301' title='bbox 352 4019 438 4084; x_wconf 87' lang='lat' dir='ltr'><strong>hisce</strong></span> <span class='ocrx_word' id='word_1_302' title='bbox 459 4021 578 4084; x_wconf 83' lang='lat' dir='ltr'><strong>verbis:</strong></span> <span class='ocrx_word' id='word_1_303' title='bbox 602 4023 675 4089; x_wconf 84' lang='grc' dir='ltr'><strong>Ἐπὶ</strong></span> <span class='ocrx_word' id='word_1_304' title='bbox 699 4026 791 4110; x_wconf 76' lang='grc' dir='ltr'>ταάπρ</span> <span class='ocrx_word' id='word_1_305' title='bbox 814 4027 854 4109; x_wconf 67' lang='grc' dir='ltr'><strong>τῇ</strong></span> <span class='ocrx_word' id='word_1_306' title='bbox 876 4023 1029 4110; x_wconf 79' lang='grc' dir='ltr'>λεωφόρῳ</span> <span class='ocrx_word' id='word_1_307' title='bbox 1053 4028 1176 4110; x_wconf 80' lang='grc' dir='ltr'>χωρίον</span> <span class='ocrx_word' id='word_1_308' title='bbox 1200 4028 1265 4090; x_wconf 81' lang='grc' dir='ltr'>ἐστὶ</span> <span class='ocrx_word' id='word_1_309' title='bbox 1288 4033 1363 4091; x_wconf 92' lang='grc' dir='ltr'>Τευ-</span> 
     </span>
     <span class='ocr_line' id='line_1_37' title="bbox 290 4122 1285 4212; baseline 0.004 -24"><span class='ocrx_word' id='word_1_310' title='bbox 290 4126 422 4205; x_wconf 85' lang='grc' dir='ltr'>μησσός·</span> <span class='ocrx_word' id='word_1_311' title='bbox 443 4126 600 4209; x_wconf 79' lang='grc' dir='ltr'>Εὐρώπην</span> <span class='ocrx_word' id='word_1_312' title='bbox 616 4122 647 4191; x_wconf 69' lang='grc' dir='ltr'><strong>δὲ</strong></span> <span class='ocrx_word' id='word_1_313' title='bbox 664 4126 724 4190; x_wconf 82' lang='grc' dir='ltr'><strong>ὑπὸ</strong></span> <span class='ocrx_word' id='word_1_314' title='bbox 742 4127 821 4201; x_wconf 82' lang='grc' dir='ltr'>Διὸς</span> <span class='ocrx_word' id='word_1_315' title='bbox 836 4131 1011 4211; x_wconf 66' lang='grc' dir='ltr'>κρυφθῆναι</span> <span class='ocrx_word' id='word_1_316' title='bbox 1027 4132 1124 4212; x_wconf 79' lang='grc' dir='ltr'>φασὶν</span> <span class='ocrx_word' id='word_1_317' title='bbox 1140 4130 1285 4192; x_wconf 65' lang='grc' dir='ltr'>ἐνταῦθα.</span> 
     </span>
    </p>
   </div>
   <div class='ocr_carea' id='block_1_8' title="bbox 0 0 1446 4792">
    <p class='ocr_par' dir='ltr' id='par_1_9' title="bbox 0 0 1446 4792">
     <span class='ocr_line' id='line_1_38' title="bbox 0 0 1446 4792; baseline 0 0"><span class='ocrx_word' id='word_1_318' title='bbox 0 0 1446 4792; x_wconf 95' lang='lat' dir='ltr'><strong> </strong></span> 
     </span>
    </p>
   </div>
  </div>
 </body>
</html>
