2880 4792
516 334 735 383 AN'l'lMACHl
756 336 960 391 REMQUlAE.

716 483 765 544 17.

293 632 353 696 Ἐν
369 629 402 698 δέ
416 661 455 696 συ
470 641 551 698 τοῖσι
565 632 651 717 μάλα
666 636 821 721 πρόφρων
838 638 1006 720 ἐπίκουρος
1023 631 1181 719 ιἰμορβὼν

290 729 480 816 Ὡμίλησσς,
495 736 540 808 ὡς
556 731 732 821 διιπέρσατε
748 739 871 818 Δύμιον
889 734 980 799 όστν.

712 903 759 964 18.

316 1027 486 1110 Δήμητρος
502 1025 572 1092 τόθι
589 1033 686 1114 φασίν
702 1029 871 1114 Ἐριννύος
886 1027 963 1093 εἶναι
980 1024 1119 1093 ἔδεθλον.

714 1210 761 1272 19.

284 1356 479 1444 Ἄδραστος,
496 1361 612 1427 Ταλαὼ
628 1365 698 1437 υίὸς
714 1361 930 1449 Κρηθηῖόδαο,

293 1465 477 1548 Πρώτιστος
494 1469 632 1531 Δαναῶν
648 1493 705 1552 περ
722 1467 869 1532 ἐπαινετὼ
885 1465 1005 1542 ἤλασεν
1019 1467 1118 1542 ίππω,

290 1566 411 1649 Καιρόν
426 1593 456 1629 τε
473 1567 627 1650 κραιπνὸν
643 1572 692 1632 καὶ
708 1567 841 1652 Ἀρίονα
857 1567 1090 1633 θελπουσαῖον·

288 1668 355 1730 Τόν
367 1665 410 1750 ῥά
424 1666 449 1730 τ’
464 1665 679 1743 Ἀπόλλωνος
695 1666 814 1754 σχεδὸν
830 1668 947 1744 ἄλσεος
963 1669 1125 1753 Ὀγκαίοιο

288 1771 377 1844 Αὐτὴ
392 1771 457 1854 γαῖ’
473 1766 615 1845 ιἰνίδωκε,
630 1768 732 1855 σέβας·
747 1774 913 1846 θνητοῖσιν
929 1768 1057 1837 ἰδέσθαι.

707 1956 761 2017 ⁴20.

257 2107 323 2183 ’Ός
337 2107 380 2192 ῥό
396 2106 466 2175 ποτ’
480 2106 645 2196 Ἀδράστῳ
660 2113 790 2197 τριτάτῳ
805 2113 837 2197 γ’
852 2108 959 2195 ἔδμήθ
973 2111 1024 2176 ὑπ’
1040 2110 1159 2177 ἄνακτι.

707 2293 758 2354 21.

325 2445 507 2535 Ἀδραστον
524 2447 554 2516 δὲ
568 2454 669 2535 μόνον
684 2453 784 2525 ’ίππος
801 2448 949 2517 δίεσωσεν
967 2452 1095 2537 Ἀρίων.

704 2637 756 2700 22.

349 2783 392 2849 Ἢ
407 2785 513 2862 ὕκκην,
527 2784 546 2861 ἢ
560 2787 672 2863 ἵππον,
687 2784 706 2861 ἢ
723 2786 762 2851 ὃν
774 2785 891 2872 κίχλην
907 2785 1082 2852 καλέουσιν.

698 3000 749 3061 23.

329 3151 442 3240 Ῥίμφα
459 3150 486 3219 δ’
497 3150 552 3218 α’π’
567 3158 708 3239 ἠπείροιο
722 3153 874 3237 μελαίνης
890 3156 986 3237 ὑψόσ’
1003 3153 1124 3240 ἀερθεὶς

331 3252 488 3331 Πηλείδης
504 3254 695 3340 ἀπόρουσεν,
711 3253 850 3341 ἐλαφρὸς
866 3255 936 3331 ἠΰτε
953 3260 1070 3342 κίρκος,

329 3364 393 3421 Τοῦ
409 3355 435 3422 δ’
450 3354 606 3442 ἔμπροσθε
622 3352 732 3422 ποδῶν
747 3360 845 3442 κρήνη
861 3357 959 3442 γένετ’
975 3357 1142 3425 ἆινόουσα.

698 3558 750 3619 ἳ4.

280 3714 372 3779 Ἔστι
388 3713 420 3782 δέ
434 3743 481 3790 τις
499 3719 639 3799 Νέμεσις,
655 3714 777 3801 μεγάλη
791 3718 877 3794 θεὸς,
893 3714 911 3791 ἣ
926 3712 997 3781 τάδε
1012 3719 1115 3782 πάντα

288 3818 378 3902 Πρὸς
392 3818 541 3903 μακάρων
556 3816 661 3902 ἔλαχε·
684 3816 801 3903 βωμὸν
817 3813 849 3881 δέ
863 3820 893 3882 οί
909 3816 1013 3882 ε’ίσατο
1028 3821 1155 3903 πρῶτος

281 3914 462 4002 ’Ἀδρηστος
477 3928 633 4002 ποταμοῖο
648 3920 732 4003 παρὰ
747 3917 829 4004 ῥόον
846 3922 1012 3993 Αἰσήποιο·

280 4017 384 4084 Ἔνθα
398 4025 551 4100 τετίμηται
567 4047 597 4084 τε
614 4026 661 4085 καὶ
679 4017 862 4104 Ἀδρήστεια
878 4018 1022 4083 καλεῖται.
