2880 4792
184 322 233 393 66
490 340 713 389 nxrrnrncur
741 338 947 396 rumonim.

186 510 248 565 otc.
292 496 390 574 Quod
407 496 614 563 Herodianus
633 495 685 560 hic
707 496 800 560 testis
817 496 864 575 fit,
880 500 914 563 ἐν
933 502 973 583 τῇ
997 494 1142 562 καθόλου
1157 521 1253 580 προσ-

188 600 265 689 ῳδία
285 612 376 689 puta,
392 622 488 688 opere
507 600 691 687 frequenter
708 622 727 663 a
742 599 969 665 Grammaticis
993 598 1141 677 laudato,
1157 618 1198 662 ex
1217 616 1253 659 eo

188 704 308 790 aliquis
326 705 501 781 existimet,
524 726 588 766 uon
610 702 717 790 ipsum
732 701 907 766 Thebaidis
930 724 1011 789 opus
1028 699 1196 765 Prisciano
1215 696 1251 760 ad

191 824 322 868 manum
345 804 454 869 fuisse.
499 803 722 869 Grammatica
750 803 822 889 ejus
844 801 1034 882 observatio,
1060 820 1255 889 quamquam

190 906 233 970 ad
256 906 387 973 Latinos
409 919 521 995 poetas
543 907 669 995 proprie
684 916 821 992 spectat,
841 910 887 984 (r.
904 905 954 970 vel
978 903 1092 970 Heius.
1109 903 1150 968 ad
1166 901 1254 987 Virg.

193 1007 261 1072 EeI.
276 1008 373 1073 VIII.
390 1011 447 1085 70)
464 1018 644 1095 opportuna
664 1019 770 1072 tamen
791 1008 880 1072 venit
897 1005 939 1070 ad
960 1004 1191 1071 stabiliendum
1214 1002 1254 1081 id,

191 1110 280 1197 quod
302 1110 412 1175 Schol.
431 1110 585 1175 Nicandri
608 1108 649 1173 ad
669 1109 763 1174 Ther.
779 1110 811 1190 3,
831 1109 872 1174 de
895 1109 1026 1174 dialecti
1048 1107 1178 1173 Doricae
1196 1127 1253 1169 usu

192 1214 278 1300 apud
293 1214 522 1279 Antimachum
537 1212 714 1278 adnotavit.
727 1234 758 1276 v.
776 1233 873 1299 supra
888 1233 920 1297 p.
937 1211 991 1274 47.

698 1499 758 1564 v1.

311 1684 379 1765 Th
400 1683 460 1764 uoci
483 1682 661 1795 ζωγρήσας
681 1679 862 1787 aporiam,
884 1679 1017 1778 Or’vsr'dn
1039 1681 1144 1778 Trida.

199 1882 307 1948 Hunc
323 1907 447 1950 versum
464 1885 555 1949 Iocus
571 1883 729 1948 Prisciani
747 1883 843 1948 modo
861 1883 1023 1948 adductus
1037 1883 1181 1963 exhibet,
1195 1884 1257 1948 sine

196 1989 325 2051 nomine
349 1988 481 2074 quidem
502 1985 653 2065 auctoris,
677 1986 734 2051 sed
758 2008 854 2074 quem
878 1994 913 2049 et
935 1985 1014 2050 ordo
1037 1987 1205 2050 verborum
1226 1986 1257 2049 in

197 2086 429 2168 Grammatico,
453 2100 485 2153 et
509 2088 615 2175 ipsum
636 2088 706 2174 ejus
729 2098 955 2174 argumentum
977 2087 1175 2153 Antimacho
1197 2089 1260 2151 vin-

197 2190 295 2253 dicat.
343 2190 469 2278 Neque,
481 2191 542 2254 hoc
558 2189 656 2254 semel
668 2189 818 2267 admisso,
830 2188 924 2253 valde
938 2188 1168 2270 dubitandum,
1184 2191 1259 2278 quin

198 2291 409 2371 eThehaide,
428 2293 515 2378 quod
539 2313 666 2356 carmen
693 2292 726 2355 in
752 2291 868 2355 vicinia
891 2290 1038 2370 adduxit,
1058 2291 1260 2379 depromtum

198 2391 384 2458 habeamus,
432 2393 491 2457 Est
507 2416 579 2458 vero
600 2392 772 2457 admodum
794 2392 930 2456 elumbis
950 2392 991 2457 ob
1010 2392 1143 2457 nimiam
1166 2415 1261 2482 spon-

199 2495 363 2561 daicorum
374 2496 598 2583 frequentiam,
610 2518 706 2582 quam
721 2496 815 2560 talem
829 2495 881 2559 vix
894 2495 927 2559 in
940 2503 1106 2582 poetarum
1120 2497 1261 2585 principe

201 2596 340 2662 Homero
366 2607 439 2685 post
463 2597 551 2662 11...
572 2598 622 2676 II,
643 2597 790 2683 reperias.
838 2597 928 2661 Alias
950 2597 1038 2661 hunc
1061 2597 1209 2661 imitatur
1230 2599 1263 2661 in

199 2701 393 2788 apostrophe
416 2701 457 2763 ad
484 2698 641 2784 Tydeum,
669 2708 707 2762 ut
729 2721 813 2784 saepe
839 2710 890 2763 est
917 2699 950 2762 in
972 2698 1121 2785 Odyssea
1150 2699 1263 2786 Εὔμαιε

202 2797 344 2885 συβῶτα,
360 2807 397 2861 ut
410 2826 444 2863 π.
461 2797 534 2860 464.
550 2797 590 2860 aI.

693 3117 770 3180 VII.

666 3311 799 3403 Krirdoc.

204 3522 386 3588 STEPHAN.
402 3523 492 3587 BYZ.
518 3527 659 3598 Κΰνθος·
674 3524 747 3610 παρ’
761 3525 943 3612 Ἀντιμάχῳ
960 3529 994 3592 ἐν
1011 3529 1121 3614 rrpu'rrp
1141 3529 1265 3617 θηβαΐ-

205 3623 272 3702 doc·
294 3625 332 3691 ‘O
349 3630 481 3712 οἰκήτωρ
501 3628 643 3700 Κΰνθιος
658 3656 685 3691 κ.
703 3625 737 3690 λ.
767 3624 969 3713 Stephanum
982 3627 1139 3693 habemus
1155 3633 1267 3696 multis

205 3727 309 3791 modis
323 3728 510 3806 laceratum,
526 3725 625 3811 idque
642 3727 673 3788 in
689 3726 752 3791 hoc
768 3750 899 3815 quoque
914 3729 1053 3794 nomine.
1094 3731 1265 3798 Excidisse

204 3829 327 3915 aliquid
350 3838 424 3915 post
445 3833 576 3902 Κύνθος
596 3826 629 3889 in
652 3837 764 3915 aperto
786 3839 848 3908 est,
869 3830 896 3894 si
920 3853 983 3895 non
1005 3842 1107 3918 poetae
1131 3836 1229 3900 verba
1248 3858 1266 3900 e

204 3928 379 4006 Thebaide,
391 3939 476 3993 certe
491 3927 629 3994 nominis
643 3929 739 4014 positi
754 3931 944 4016 explicatio.
977 3930 1137 4020 SuppIent
1154 3934 1262 4022 Intpp.

206 4030 301 4110 hanc,
324 4032 402 4117 ὄρος
423 4029 547 4105 Δήλου.
593 4030 638 4093 At
660 4029 686 4092 si
711 4031 781 4094 haec
805 4032 877 4111 fuit,
897 4033 977 4120 quid
1001 4042 1070 4098 tum
1092 4057 1175 4120 opus
1197 4046 1265 4100 tam

204 4134 301 4198 docta
330 4130 543 4196 auctoritate?
592 4131 710 4194 Putem
740 4133 851 4219 itaque
882 4135 935 4198 hic
965 4127 1118 4222 explicari
1148 4137 1264 4202 insulae
