2880 4792
183 312 231 381 92
487 331 705 379 auriniaco}
736 329 941 385 astruens.

187 476 356 557 Pisander,
366 477 583 543 Antimachus
594 488 627 542 ot
637 477 827 563 Euripides;
851 475 907 540 sed
922 473 1036 540 eratin
1045 469 1253 536 hoohistoria

187 600 236 644 res
251 579 380 643 maximi
403 580 565 644 momenti.
611 578 696 644 Num
718 578 743 642 si
765 599 861 642 curru
882 576 969 663 regio
982 585 1096 639 vectus
1112 571 1255 657 OEdipus

188 681 325 745 venisset
339 680 476 758 Thebas,
497 695 555 744 aut
574 682 601 744 si
621 702 732 745 currus
748 680 887 743 infectus
901 675 1060 762 sanguine
1076 672 1255 760 quomodo·

188 804 317 869 cunque
336 782 465 846 Thebas
484 781 599 846 fuisset
621 781 789 860 deductus,
810 778 867 867 qui
888 779 1021 843 tandem
1042 774 1152 840 caedes
1173 774 1257 859 regis

190 883 333 947 tamdiu
357 883 516 969 potuisset
537 883 571 947 in
592 884 729 948 obscuro
752 881 873 947 latere?
917 879 1069 966 Turpiter
1091 877 1202 961 itaque
1222 896 1257 938 se

190 984 280 1048 dedit
309 984 341 1048 in
368 985 531 1049 elaborata
559 1007 619 1049 sua
647 983 811 1048 Thebaide
841 981 976 1059 Statius,
1006 979 1156 1044 umbram
1188 976 1256 1040 Laii

192 1088 328 1174 fingens,
344 1087 421 1150 dum
439 1087 558 1173 regiam
575 1087 718 1165 intraret,
729 1085 799 1149 viso
813 1106 908 1148 curru
921 1081 1023 1147 fuisse
1037 1079 1257 1158 conterritam,

195 1183 240 1262 ll,
253 1185 305 1248 65.
338 1183 508 1249 Burthium
518 1182 680 1248 duntaxat
690 1181 864 1248 offendisse
877 1181 1028 1244 videntur
1039 1187 1115 1266 post
1129 1185 1258 1240 tautum

194 1286 346 1372 temporis
360 1285 467 1349 adhuc
484 1283 594 1372 {effecti
608 1285 760 1372 sunguine
775 1305 907 1354 currum
929 1282 986 1346 sed
1001 1281 1043 1346 ob
1058 1301 1143 1360 eam,
1160 1300 1258 1365 quam

194 1388 275 1467 dixi,
290 1388 444 1454 rationem
459 1397 527 1454 tota
542 1388 631 1453 fictio
645 1396 695 1452 est
709 1385 912 1475 perridicula.
958 1384 1040 1450 Haec
1057 1383 1127 1448 Ille.

636 1742 818 1808 XXXVII.

313 1962 431 2044 Γένναν
454 1961 637 2081 Καβοίςνου
656 1964 758 2057 Situm
778 1960 963 2064 cipanhiotc
982 1963 1157 2080 dppseieoeg.

200 2205 331 2269 Surnns
349 2228 376 2267 v.
390 2203 579 2291 Ὀργεὼυες,
596 2216 632 2269 ut
647 2205 761 2269 doceat
778 2205 967 2270 vocabulum
985 2207 1111 2291 ὀργεὼυ
1127 2204 1264 2268 subinde

200 2307 387 2394 simpliciter
410 2307 450 2371 de
474 2308 632 2372 sacerdote
658 2307 848 2385 adhibitum,
872 2307 985 2371 laudat
1009 2305 1207 2394 AEschylum
1230 2306 1262 2368 in

202 2408 308 2496 Mysis
324 2415 454 2495 (recept.
471 2432 501 2494 p.
518 2409 590 2473 878.
612 2408 663 2473 ed.
683 2409 787 2488 Pan),
809 2418 908 2496 atque
929 2407 1161 2473 Antimachum
1177 2410 1264 2494 ἐνηῐ

202 2509 290 2598 Λυδῇ
304 2517 406 2598 γενεᾷ·
431 2509 628 2598 Κοβάρυους
642 2515 737 2586 θῆκεν
747 2509 910 2598 attonitae
922 2514 1096 2598 ὁργεὼνος.
1121 2509 1263 2573 Eosdem

202 2623 348 2676 auctores
361 2613 494 2676 consilio
506 2633 570 2675 non
584 2611 646 2676 alio
661 2611 795 2676 adhibet
809 2611 1043 2697 Harpocration
1058 2633 1089 2698 p.
1105 2612 1181 2675 265.
1226 2615 1264 2677 Οἱ

202 2718 258 2797 μέν
273 2742 322 2779 τοι
341 2720 466 2790 ποιηταὶ
487 2715 614 2780 ἔταττον
634 2712 774 2798 τοῦνομα
795 2713 909 2789 ἁπλῶς
926 2716 976 2780 ἐπὶ
996 2717 1061 2779 τῶν
1085 2717 1204 2800 ἱερέων,
1220 2716 1264 2788 ὡς

203 2815 399 2901 Ἀντίμοχός
413 2843 444 2880 τε
464 2843 527 2881 που
543 2820 591 2881 καὶ
608 2814 777 2902 Αἷσχυλος
791 2819 825 2882 ἐν
841 2824 980 2892 Μυσοῖς.
1027 2813 1139 2879 Nostri
1160 2824 1263 2902 poetae

204 2917 302 2981 verba
310 2916 343 2979 in
356 2915 457 2980 Suida
471 2917 585 2980 misere
597 2915 775 2980 deformata
785 2938 866 2995 esse,
878 2938 972 2980 nemo
984 2938 1048 2981 non
1058 2917 1157 2981 videt
1180 2916 1212 2980 N
1214 2939 1264 2980 am

205 3017 308 3103 primo
327 3016 421 3079 nihili
442 3025 520 3080 sunt
535 3019 568 3083 ἐν
582 3021 623 3104 τῇ
638 3014 725 3104 Λυδῇ
739 3022 841 3103 γενεᾷ.
887 3018 1058 3104 Nusquam
1076 3018 1265 3083 Antimachi

205 3117 287 3182 liber
301 3118 362 3182 hac
380 3117 588 3205 inscriptione
602 3118 721 3204 legitur
738 3119 931 3206 insignitus3
960 3141 1020 3185 nec
1034 3119 1141 3208 magis
1160 3122 1267 3207 placet

207 3218 374 3284 Maussaei
390 3217 479 3306 Λυδῇ
490 3224 629 3306 γενναίᾳ.
667 3218 754 3299 Fuit,
768 3241 844 3283 cum
852 3221 1041 3308 suspicarer,
1052 3222 1085 3284 in
1098 3220 1265 3308 posteriori

208 3343 285 3386 voce
307 3320 379 3386 libri
405 3320 608 3386 Antimachei
635 3343 804 3402 numerum
827 3323 949 3403 latere3
980 3322 1037 3387 sed
1067 3345 1152 3388 nova
1180 3345 1266 3388 com-

206 3422 332 3489 minisci
355 3423 532 3510 perieulum
557 3431 606 3486 est
628 3421 662 3485 in
686 3422 769 3502 loco,
788 3423 843 3509 qui
866 3424 938 3509 jam
962 3423 1105 3509 plurium
1129 3426 1268 3490 Aristar-

207 3526 340 3590 chorum
360 3547 476 3589 manus
497 3523 607 3588 sensit.
653 3522 696 3589 H.
714 3522 870 3611 Stephon.
887 3525 921 3588 in
938 3525 1096 3591 Thesauri
1115 3526 1152 3591 T.
1169 3527 1215 3591 ll.
1230 3549 1263 3612 p.

210 3626 306 3690 1432.
330 3625 409 3712 legit
431 3629 465 3691 ἐν
488 3622 596 3702 Λήδης
618 3630 721 3712 γενεᾷ,
740 3647 815 3689 mox
838 3626 1007 3713 ἆγοκλέας,
1030 3627 1118 3714 quod
1140 3637 1174 3691 et
1195 3628 1266 3693 aliis

208 3747 266 3812 pro
286 3726 439 3790 mendoso
454 3724 573 3813 ἆβακλ.
594 3725 629 3789 in
648 3737 788 3791 mentem
804 3728 900 3792 venit.
947 3727 1090 3813 Longius
1112 3729 1267 3814 processit

209 3825 317 3891 Vales.
339 3826 373 3889 in
393 3826 478 3891 notis
497 3828 663 3914 posterior.
682 3828 722 3893 ad
747 3828 938 3916 Harpocrat.
960 3851 992 3915 p.
1017 3829 1101 3909 126,
1122 3833 1159 3898 τὸ
1174 3834 1266 3917 γενεᾷ

209 3928 250 3992 ad
277 3927 491 4014 fragmentum
515 3927 622 4013 ipsum
646 3929 806 4014 rejiciens,
830 3929 1047 3996 emendandos
1071 3931 1267 4020 Ἀντίμαχος

210 4035 243 4096 ἐν
264 4035 304 4116 τῇ
326 4028 424 4117 Athy·
450 4036 570 4097 Γένναν
595 4029 772 4118 Καβᾶρνου
795 4036 889 4108 θῆκεν
912 4030 1072 4118 ἆγακλέας
1094 4038 1267 4119 ὀργεῶυας,

213 4129 355 4195 Cadurci
361 4143 501 4216 posteros
512 4132 680 4196 suterdotes
695 4151 764 4196 suos
776 4133 947 4212 constituit,
965 4133 1057 4198 Ceres
1073 4135 1142 4200 soil.
1179 4135 1266 4200 Huic
