2880 4792
286 303 355 371 100
608 321 827 369 ιιιίιιιιιοιιι
851 318 1054 374 nunionis.

284 472 414 536 fuerunt
428 468 636 555 Tragicorum
660 467 828 532 sententias
850 488 888 531 uc
912 465 1019 543 verba,
1034 455 1109 551 quae
1130 460 1208 526 alibi
1225 460 1349 523 Aristo-

284 572 408 661 phanes
424 570 602 656 saepissime
618 569 712 634 salsis
727 569 869 655 parodiis
883 568 971 632 lusit.
996 566 1066 631 Nec
1075 587 1152 630 vero
1164 562 1348 648 exemplum

285 676 400 739 adesse
415 683 505 760 puto,
522 673 576 737 ubi
590 672 724 737 doctum
739 679 772 736 et
786 671 987 736 reconditum
999 668 1164 755 scriptoris
1179 689 1275 754 opus,
1285 686 1348 728 non

285 774 493 841 audientibus
509 786 542 840 et
561 774 792 854 ediscentibus,
807 774 865 838 sed
885 773 1069 860 legentibus
1087 769 1316 857 compositum,
1333 788 1353 830 a

288 878 422 944 Comico
438 877 485 942 ita
504 877 707 956 adhibeatur,
723 897 782 941 nec
797 877 925 941 videtur
938 875 972 938 id
988 875 1056 939 fieri
1070 873 1228 961 potuisse.
1274 869 1352 934 Tale

288 991 395 1046 sutem
411 1002 493 1066 opus
508 979 694 1044 Antimachi
707 1000 784 1066 epos
794 979 982 1044 habendum
994 1000 1014 1042 a
1024 975 1120 1041 nobis
1130 984 1224 1039 esset.
1249 971 1350 1050 Quid,

288 1083 377 1171 quod
398 1081 453 1146 illo
473 1090 626 1168 tempore,
640 1104 706 1168 quo
721 1080 892 1146 Comoedia
907 1090 981 1145 acta
998 1089 1058 1159 est,
1069 1079 1131 1144 hoc
1147 1075 1350 1163 est,Olymp.

289 1187 340 1249 89.
362 1185 408 1265 3.,
423 1183 549 1248 nullum
571 1184 671 1249 nostri
692 1193 795 1271 poetae
818 1205 950 1249 carmen
972 1182 1018 1247 its
1040 1181 1164 1247 celebre
1184 1189 1217 1242 et
1237 1187 1351 1242 notum

289 1308 361 1351 esse
375 1286 491 1372 potuit,
505 1296 541 1350 ut
557 1308 615 1350 sua
631 1287 679 1349 vis
694 1297 779 1350 esset
794 1285 981 1372 hujusmodi
993 1283 1153 1349 allusioui.
1200 1280 1350 1366 Denique

290 1386 430 1474 reliquos
446 1409 569 1468 versus,
582 1410 602 1452 a
616 1388 724 1474 pueris
739 1387 843 1452 editos
856 1411 886 1452 v.
904 1386 995 1451 1271.
1012 1409 1062 1472 sq.
1081 1386 1175 1448 1275.
1193 1383 1287 1447 1279.
1300 1405 1349 1468 sq.

289 1489 315 1552 si
339 1488 497 1567 conferas,
515 1489 573 1576 qui
597 1490 713 1576 partim
735 1489 897 1554 Homerici
920 1499 1009 1567 sunt,
1029 1487 1147 1575 partim
1171 1486 1211 1549 ad
1236 1485 1351 1548 horum

290 1590 454 1677 exemplar
468 1590 599 1670 tornati,
615 1600 756 1655 ceterum
772 1591 827 1655 ills
846 1600 941 1655 aetste
956 1589 1126 1668 notissimi,
1141 1588 1229 1675 quod
1246 1587 1352 1674 ipsum

290 1693 331 1756 de
357 1691 571 1756 Archilochiis
597 1714 726 1779 quoque
752 1716 782 1757 v.
813 1693 907 1757 1296.
933 1715 981 1778 sq.
1005 1690 1188 1769 dicendum,
1211 1690 1352 1753 elevatur

292 1816 382 1880 paene
394 1794 498 1858 omnis
513 1795 594 1858 fides
607 1791 807 1873 Scholiasta,
820 1794 1017 1858 Antimacho
1029 1815 1156 1857 versum
1169 1790 1351 1856 tribuentis.

293 1896 430 1961 Accedit
445 1895 553 1975 etiam,
569 1895 658 1983 quod
674 1906 789 1960 auctor
804 1895 944 1960 Certum.
963 1895 1057 1959 Hom.
1073 1904 1106 1958 et
1122 1893 1260 1958 Hesiodi
1275 1914 1352 1957 eun·

291 1999 365 2062 dem
387 2019 522 2076 versum,
538 2011 702 2084 tamquam
715 1998 843 2062 initium
864 1997 1096 2084 Epigonomm,
1111 1997 1152 2061 ad
1173 1995 1353 2060 Homerum

293 2099 399 2178 refert,
415 2098 472 2184 qui
493 2099 581 2162 locus
596 2120 616 2162 a
631 2098 778 2164 Bentleio
800 2099 863 2187 Ep.
878 2100 920 2164 ad
936 2099 1022 2163 Mill.
1033 2108 1074 2185 'p.
1088 2099 1161 2163 504.
1179 2097 1353 2174 indicatus,

295 2203 326 2264 in
347 2199 466 2263 noviss.
493 2199 627 2264 Hesiod.
648 2201 727 2281 edit,
746 2225 778 2290 p.
795 2202 869 2267 492.
891 2201 938 2266 sic
957 2209 1086 2266 exstat:
1110 2199 1149 2267 Ὀ
1166 2197 1199 2266 δὲ
1209 2198 1355 2286 ’Όμηρος

294 2302 468 2388 ἀποτυχὼν
483 2311 539 2378 τῆς
555 2306 654 2380 νίκης,
665 2306 912 2391 περιερχόμενος
923 2303 1012 2390 ’ἔλεγε
1026 2304 1063 2369 τὰ
1077 2308 1244 2388 ποιήματα·
1270 2306 1357 2388 πρῶ-

293 2431 351 2469 τον
365 2409 423 2488 μὲν
436 2407 495 2481 τὴν
511 2402 672 2491 θηβοΐδα,
689 2407 746 2482 ἔπη
761 2409 849 2485 ἑπτὰ,
866 2410 904 2483 ἧς
920 2408 938 2482 ἡ
955 2405 1052 2494 ἀρχή·

417 2554 543 2642 ’Ἄργος
559 2553 650 2636 ἄειδε,
668 2556 743 2631 θεὰ,
757 2554 963 2642 πολυδίψιον,
976 2554 1065 2624 ’ἔνθεν
1081 2555 1223 2632 ἄνακτες.

296 2707 373 2773 Εἶτα
389 2704 595 2793 Ἐπιγόνους,
610 2707 667 2782 ἐ’πιι
683 2709 770 2784 ἑπτὰ,
787 2709 832 2773 ὧν
848 2705 945 2794 ἆρχῄ·

405 2863 472 2922 Νῦν
487 2853 560 2921 αὖθ’
574 2854 758 2943 ὁπλοτέρων
773 2855 901 2944 ἀνδρῶν
918 2856 1097 2945 ἀρχώμεθα,
1115 2864 1253 2925 Μοῦσαι.
1365 2924 1371 2934 ,

296 3013 379 3072 Φασὶ
403 3005 466 3092 γάρ
489 3035 572 3083 τινες
595 3013 645 3073 καὶ
666 3014 762 3073 τοῦτο
784 3006 925 3096 Ὀμήρου
946 3010 1034 3077 εἶναι.
1078 3009 1154 3074 Jam
1176 3011 1238 3074 etsi
1258 3011 1358 3098 hujus

294 3108 457 3195 Anonymi
481 3108 657 3172 auctoritas
682 3131 746 3174 non
771 3111 897 3195 gravior
921 3120 981 3189 est,
1011 3134 1111 3199 quam
1136 3110 1236 3193 illius,
1258 3112 1358 3178 habet

294 3218 401 3272 tamen
418 3209 445 3272 is
460 3209 671 3295 antiquiorem
689 3212 808 3275 famam
823 3211 885 3276 sibi
898 3211 1070 3294 faventem,
1081 3213 1123 3278 de
1138 3234 1205 3302 qua
1216 3216 1247 3278 v.
1260 3237 1360 3304 supra

294 3334 327 3397 p.
344 3311 397 3375 23.
443 3309 596 3375 Ceterum
611 3334 676 3376 non
691 3312 805 3377 inutile
825 3312 886 3378 erit
905 3336 1042 3396 monere,
1057 3316 1118 3381 hoc
1135 3315 1359 3404 Epigonorum

294 3412 462 3477 exordium
485 3413 683 3480 simillimum
707 3437 777 3480 esse
801 3416 861 3495 illi,
884 3439 950 3504 quo
975 3418 1139 3483 Hesiodus
1157 3428 1194 3486 Θ.
1211 3443 1242 3485 v.
1263 3421 1357 3487 1020.

294 3515 355 3579 sibi
371 3515 457 3579 viam
481 3525 571 3602 parat
596 3518 636 3581 ad
660 3516 854 3605 Κοτάλογον
874 3524 1044 3606 γυναικῶν,
1060 3521 1101 3586 de
1116 3543 1184 3611 quo
1198 3546 1229 3587 v.
1249 3523 1355 3609 Heyn.

294 3614 336 3680 V.
354 3616 405 3679 111.
431 3618 472 3680 ad
497 3618 647 3703 Apollod.
675 3642 705 3705 p.
733 3620 820 3699 986,
836 3621 987 3686 nimirum
1012 3632 1048 3687 ut
1071 3624 1113 3687 ad
1139 3623 1227 3688 hunc
1251 3647 1356 3713 usque

293 3741 416 3782 versum
442 3730 546 3805 poeta,
571 3721 719 3808 quisquis
746 3723 853 3803 fuerit,
880 3723 1042 3790 Thebaica
1068 3725 1186 3813 priora*
1199 3737 1356 3814 perpetuo

293 3821 431 3885 carmine
444 3821 599 3888 tractdsse
611 3823 710 3888 videri
725 3824 853 3890 debeat.
