2880 4792
297 282 328 348 ri
602 307 822 355 astansem
847 306 1047 360 imitatura.

299 473 434 536 rumque
458 475 609 532 meorum,
636 453 837 516 humanitate
864 464 896 516 et
927 454 1115 517 liberalitate
1141 460 1190 514 est
1220 449 1363 525 sublata,

295 561 415 646 quibus
442 585 498 648 pro
530 563 589 626 boc
619 563 650 625 in
681 585 731 627 me
757 541 882 626 sumine
908 585 1014 627 amore
1040 562 1158 647 gratias
1186 582 1247 647 age
1275 568 1377 644 quas'

295 675 608 757 possummaximas,
656 674 807 760 Inprimis
823 697 884 736 nou
903 674 972 738 siue
988 673 1070 759 grati
1088 671 1185 735 animi
1203 670 1360 733 testifica-

295 782 378 844 tione
392 783 552 868 praeterire
566 805 696 869 possum
714 803 881 847 roasrsar
896 793 1356 861 etsprrrorrm,v1roaoa

297 912 532 970 ittusrarun,
551 913 708 972 neurim,
726 916 862 980 quorum
884 894 937 957 ille
960 915 999 957 ex
1023 891 1269 955 instructissima
1285 912 1379 969 sua,·

293 1001 346 1066 hie
362 1025 400 1066 ex
422 1004 562 1089 publica,
577 1004 630 1067 cui
647 1004 819 1089 praefectus
835 1014 894 1083 est,
911 1004 1118 1083 bibliotheca,
1133 1000 1357 1066 liberalissime

293 1136 344 1177 me
366 1115 456 1178 libris
480 1113 707 1178 subornarunt.
755 1113 879 1176 Horum
902 1115 1040 1200 gratiam
1070 1122 1223 1199 perpetuo
1253 1110 1354 1174 animi

293 1224 401 1287 studio
417 1223 562 1310 religiose
577 1225 693 1303 colam,
709 1247 813 1311 neque
834 1226 1042 1300 committam,
1057 1234 1094 1288 ut
1109 1224 1179 1288 haec
1197 1222 1355 1287 beneficia

291 1333 324 1394 in
348 1333 508 1396 hominem
534 1333 700 1418 indignum
724 1333 826 1397 effusa
849 1335 1031 1400 videantur.
1077 1336 1225 1421 Denique
1249 1335 1355 1397 multa

292 1451 325 1504 et
340 1440 410 1503 haec
424 1442 557 1528 quidem
579 1441 718 1504 maxima
739 1443 873 1506 aderant
894 1444 1136 1529 impedimenta,
1152 1443 1273 1529 quibus
1288 1442 1355 1505 col-

292 1551 390 1615 lector
405 1551 564 1638 deperditi
580 1552 743 1638 scriptoris
760 1553 967 1639 reliquiarum
983 1556 1129 1618 universe
1141 1553 1306 1639 premitur,
1322 1563 1355 1616 et

292 1660 410 1745 quibus
426 1662 577 1725 tollendis
592 1684 698 1748 neque
719 1673 799 1726 aetas
815 1685 919 1750 neque
936 1665 1134 1750 ingeniolum
1150 1664 1348 1743 sufficiebat;

292 1794 366 1857 quae
396 1770 457 1833 hoc
487 1772 558 1835 loco
588 1793 749 1835 recensere
783 1773 915 1859 longum
946 1784 1039 1838 esset.
1099 1774 1214 1837 Dicam
1242 1775 1350 1861 potius

291 1892 412 1966 aperte,
430 1882 616 1967 hujusmodi
640 1884 878 1970 impedimenta,
895 1909 969 1970 quae
989 1885 1071 1948 vinci
1093 1884 1219 1970 possint
1242 1885 1351 1947 indus-

291 1993 351 2055 tria
366 2003 399 2056 et
413 1993 612 2072 strenuitate,
629 2016 678 2056 me
694 2017 758 2056 non
774 1995 868 2058 facile
884 2017 902 2057 a
924 2018 955 2058 re
974 1995 1179 2080 suscipienda
1198 2005 1350 2059 avertere.

294 2102 402 2188 Atque
418 2124 457 2165 ne
473 2103 615 2165 animum
635 2103 879 2189 desponderent,
895 2107 1104 2168 confirmatus
1126 2128 1197 2168 sum
1213 2107 1352 2170 auctori-

291 2219 367 2288 tate,
383 2211 582 2297 adjutusque
601 2212 737 2274 subinde
759 2213 855 2275 etiam
871 2212 997 2297 judicio
1013 2223 1046 2276 et
1060 2213 1202 2276 consiliis
1221 2235 1348 2278 wetrn

295 2340 552 2384 ramcsrroms
580 2343 646 2384 um
671 2343 811 2402 oratur,
834 2332 866 2386 et
889 2323 933 2385 ita
956 2323 1084 2387 tandem
1108 2317 1237 2410 perfeci,
1260 2326 1348 2409 quod

291 2432 396 2515 majus
419 2431 499 2495 meis
522 2431 655 2511 viribus,
669 2455 727 2496 nec
748 2456 766 2496 a
787 2456 837 2497 me
858 2433 953 2518 plane
977 2433 1217 2519 suscipiendum
1242 2435 1348 2498 forsan

285 2541 498 2626 judicabitur.
1376 2537 1380 2547 ’

334 2652 396 2717 Sed
416 2676 455 2717 ne
479 2655 553 2741 quis
574 2656 716 2734 miretur,
731 2670 787 2720 aut
807 2657 939 2721 fortasse
963 2679 1015 2720 me
1037 2657 1227 2742 arrogantiae
1249 2659 1350 2721 auda-

288 2765 413 2853 ciaeque
436 2779 576 2846 accuset,
592 2790 690 2854 quare
710 2768 796 2831 hunc
818 2769 973 2844 libellum,
988 2767 1179 2830 academicae
1203 2769 1349 2853 disputa-

288 2874 368 2937 tioni
389 2875 597 2954 destinatum,
620 2886 710 2940 extra
731 2877 882 2939 auditorii
902 2874 1053 2938 subsellia
1074 2875 1291 2958 protruserim,
1313 2888 1346 2937 et

289 2983 410 3067 publici
437 2984 564 3048 fecerim
584 2985 686 3069 juris:
718 2984 844 3047 libellus
871 2984 931 3047 sub
958 3003 1053 3045 manu
1081 2979 1284 3044 excrescebat
1311 2982 1344 3044 in

289 3094 522 3183 majusquam
538 3104 575 3157 ut
597 3093 764 3157 familiaris
784 3093 828 3156 rei
851 3092 990 3156 tenuitas
1005 3089 1131 3175 proprio
1147 3099 1256 3153 sumtu
1271 3113 1345 3155 eum

288 3203 406 3267 excudi
440 3203 643 3288 permitteret.
703 3203 813 3289 Atque
836 3203 882 3266 ita
904 3201 943 3264 de
967 3223 1005 3264 eo
1027 3200 1150 3264 edendo
1173 3201 1346 3286 desperan-

288 3314 366 3377 dum
382 3322 460 3391 erat,
479 3313 541 3375 nisi
556 3313 740 3399 bibliopolae
756 3312 895 3375 facilitas
916 3311 1136 3375 succurrisset.
1182 3312 1278 3375 Nune
1293 3336 1344 3378 me

288 3448 345 3512 spe
367 3425 514 3490 consolor
536 3425 598 3487 bae
622 3446 697 3502 una,
721 3423 797 3502 fore,
822 3423 1054 3509 utaliquando
1081 3422 1268 3488 Graecarum
1291 3426 1345 3488 lit-

287 3547 426 3599 terarum
450 3534 586 3597 studiosi
608 3555 648 3598 ex
672 3534 739 3596 sola
762 3534 905 3596 locorum
934 3533 1132 3612 collectione,
1156 3535 1180 3597 si
1209 3558 1271 3598 non
1304 3560 1343 3600 ex

281 3645 480 3731 juvenilibus
496 3643 839 3721 animadversionibus,
851 3645 991 3729 aliquem
1003 3645 1142 3708 fructum
1157 3647 1343 3731 percipiant.

287 3757 331 3820 At
342 3756 421 3842 quid
436 3755 566 3819 omnino
578 3756 611 3818 in
624 3755 1123 3840 fragmentis,animadvertenda,
1133 3758 1345 3842 explanando,

287 3868 335 3932 vel
349 3865 560 3942 emendando,
576 3888 632 3951 pro
656 3866 892 3951 qualiscunque
915 3866 1033 3952 ingenii
1055 3868 1186 3931 modulo
1201 3869 1342 3948 fecerim,

285 3977 317 4040 id
336 3976 466 4063 quidem
481 3977 596 4040 melius
607 3976 770 4061 judicabit
785 3976 929 4039 eruditus
943 3978 1052 4056 lector,
1066 3979 1117 4041 cui
1136 3990 1241 4043 tamen
1258 4001 1277 4041 a
1294 4003 1343 4043 me

285 4109 347 4150 non
372 4086 526 4170 seriptum
548 4108 627 4163 csse,
650 4085 758 4148 statim
774 4086 841 4171 ipse
857 4087 1049 4149 observabit.
1096 4087 1142 4152 Ut
1164 4111 1260 4151 rmum
1286 4090 1343 4153 ad-
