2880 4792
186 281 235 347 32
490 300 712 348 asrrnacur
735 300 937 356 astrosus.

185 460 291 513 trutcrn
308 472 326 511 a
345 449 508 534 Lysandro
523 470 640 512 corona
654 449 785 527 donato,
802 449 929 512 inferior
950 448 1105 512 discessit
1119 457 1243 528 noster;

184 550 270 636 quod
292 571 366 613 cunt
391 572 476 637 tagre
503 551 605 626 ferret,
625 559 660 614 et
682 572 792 614 versus
812 550 1081 637 indignabundus
1096 551 1246 628 aboleret,

184 652 333 716 solatium
348 661 425 716 tunc
443 652 581 738 proebuit
593 652 717 716 amicus
734 652 839 731 Plato,
854 653 950 740 quale
965 651 1066 716 etiam
1082 673 1172 716 nunc
1186 652 1246 716 for-

184 776 242 818 san
258 754 395 818 subinde
415 755 507 818 malis
527 754 629 839 poetis
649 755 800 841 suppetit.
847 754 898 817 lta
921 775 986 817 non
1006 754 1137 829 mirum,
1159 753 1244 841 quod

184 877 311 920 carmen
327 880 347 920 a
363 855 489 919 nemine
504 855 639 941 posthac
655 855 784 919 citatur.
829 853 952 918 Vemm
970 854 1136 918 excitatur
1154 854 1246 920 Anti·

184 957 319 1022 machus
341 956 448 1020 adhuc
470 955 502 1019 in
518 953 682 1041 Ἀρτέμιδι,
698 955 732 1019 in
749 955 882 1030 Δέλτοις
897 964 929 1018 et
942 955 1079 1042 Ἰαχίνῃ.
1126 953 1244 1018 Parum

185 1069 291 1122 tamen
309 1058 350 1122 de
372 1058 422 1121 his
446 1056 601 1143 explorati
623 1057 790 1120 habemus.
836 1057 945 1144 Atque
960 1057 1100 1142 primum
1115 1077 1244 1134 nomen,

184 1180 258 1222 cunr
284 1155 440 1221 Salmasio
457 1167 489 1221 et
510 1155 660 1221 Berlelio
680 1179 744 1222 non
770 1158 894 1236 dubito,
918 1157 998 1243 quin
1023 1156 1057 1218 in
1079 1154 1244 1242 Stephano

186 1258 267 1344 Byr.
282 1270 466 1344 corruptum
483 1259 558 1337 sit,*
574 1269 607 1323 et
618 1281 675 1346 pro
686 1256 868 1346 Ἀρτέμιδος
879 1257 1052 1343 legendum
1065 1255 1244 1344 Θηβαΐδος,

184 1362 279 1446 cujus
292 1361 448 1447 poematis
463 1371 496 1425 et
509 1361 586 1424 alibi
600 1360 810 1424 Ethnicorum
826 1360 962 1445 scriptor
972 1359 1128 1422 meminit.
1160 1357 1244 1423 Nam

183 1484 257 1525 cum
282 1463 379 1548 paulo
397 1473 471 1526 ante
490 1462 616 1525 adesset
635 1459 799 1548 Ἀρτέμιδι,
813 1461 963 1526 facillime
984 1460 1106 1524 librarii
1131 1462 1245 1525 oculus

185 1564 291 1650 potuit
310 1564 343 1628 in
363 1564 497 1628 eandem
514 1585 624 1627 vocem
639 1563 753 1626 iterum
769 1563 889 1641 dolabi,
906 1572 963 1627 aut
977 1562 1075 1625 deleti
1092 1562 1126 1624 in
1141 1563 1245 1626 fronte

185 1666 270 1730 verbi
287 1666 457 1753 vestigium
475 1666 623 1729 lectorem
639 1665 738 1728 alium
755 1687 810 1727 seu
826 1673 1036 1728 correctorem
1050 1663 1082 1726 in
1099 1663 1244 1753 fraudem

185 1768 346 1831 inducere.
396 1765 596 1831 Utrumlibet
618 1766 728 1851 eligas,
749 1765 876 1828 videtur
896 1764 966 1829 haec
985 1764 1126 1829 Artemis
1142 1787 1183 1829 ex
1198 1765 1245 1828 in·

185 1870 256 1933 dice
277 1869 431 1933 librorum
452 1867 674 1952 expungenda.
723 1867 880 1943 Alterum,
901 1867 988 1952 quod
1007 1866 1087 1943 dixi,
1102 1887 1243 1945 carmen,

187 1972 329 2046 Δέλτους
353 1970 465 2049 (nostri
487 1969 565 2032 sorte
584 1968 728 2031 dicerent
747 1968 797 2030 ein
818 1967 985 2051 poetisclres
1010 1965 1244 2047 Torchenhuclr)

184 2073 363 2135 Athenaeus
388 2070 519 2157 quidem
544 2067 738 2132 Antimacho
764 2069 882 2133 diserte
911 2069 1034 2145 tribuit,
1060 2069 1244 2134 hexametro

185 2195 278 2237 versu
294 2172 369 2235 inde
381 2171 533 2248 adducto,
548 2170 594 2233 ita
610 2179 727 2247 tamen,
739 2178 774 2232 ut
789 2170 852 2233 fide
868 2192 931 2234 non
946 2192 1090 2256 prorsum
1104 2180 1193 2235 certa
1204 2172 1242 2235 ad

184 2272 420 2358 Colophonium
445 2272 558 2335 referre
582 2271 720 2356 possis.†
766 2271 817 2334 De
838 2272 961 2359 Ἰαχῖυη
981 2272 1124 2359 denique
1144 2273 1245 2358 major

185 2397 256 2437 mea
277 2373 436 2437 dubitatio
457 2383 515 2436 est.
563 2372 652 2434 Alios
673 2373 756 2435 enirn
778 2373 839 2436 hoc
857 2374 988 2437 omniuo
1004 2374 1244 2458 praetermittere

184 2477 288 2539 video.
335 2474 416 2560 Ejus
437 2495 550 2558 nempe
571 2495 634 2536 non
657 2473 718 2535 nisi
737 2473 770 2535 in
791 2495 854 2537 uuo
875 2474 944 2538 loco
961 2474 1178 2562 Etymologici
1194 2476 1243 2539 M.

185 2578 304 2642 mentio
325 2575 477 2654 occurrit,
505 2575 595 2659 isque
619 2573 709 2637 locus
732 2574 849 2638 mendo
876 2596 938 2638 nou
963 2576 1117 2639 immunis
1144 2577 1243 2642 videri

184 2679 323 2764 potest.‡
368 2677 498 2762 Quippe
519 2698 559 2739 ne
580 2674 730 2738 Graeeum
749 2675 880 2759 quidem
902 2675 983 2738 illud
1002 2698 1117 2739 nomen
1140 2688 1244 2756 sonat,

185 2803 289 2866 neque
301 2803 373 2844 vero
385 2779 463 2841 mihi
476 2787 552 2862 apta
564 2777 634 2862 ejus
647 2777 805 2839 succurrit
815 2777 1006 2841 emendatio.
1052 2776 1164 2862 Rejeci
1176 2780 1243 2866 ipse

183 2883 315 2967 primus,
331 2879 417 2965 quod
432 2888 526 2941 antea
541 2879 743 2963 conjeceram
759 2886 815 2940 aut
826 2878 965 2942 luseram
978 2878 1094 2963 potius,
1108 2880 1243 2968 Ἰναχίη,

185 2982 226 3045 de
243 2983 291 3060 Io,
308 2980 419 3043 luachi
435 2980 512 3056 filia,
527 3001 585 3042 nec
600 2978 707 3042 minus
722 2979 810 3042 aliud
825 2979 958 3066 Ἰχναίη,
974 2980 1061 3066 quod
1076 2979 1243 3045 Themidis

184 3102 362 3166 cognomen
384 3079 464 3161 est.§
516 3077 581 3143 Sed
606 3079 657 3142 his
678 3080 872 3165 conjecturis
897 3080 942 3144 nil
965 3081 1144 3166 proficitur,
1169 3103 1243 3145 cuni

184 3183 280 3246 talem
302 3181 432 3245 carmini
457 3180 698 3267 inscriptionem
726 3181 824 3245 fuisse
848 3181 978 3244 minime
1002 3181 1168 3267 probabile
1192 3183 1243 3247 sit.

226 3464 241 3496 '¹
264 3463 301 3521 V.
317 3463 365 3520 Fr.
383 3460 523 3518 XLVlll.

226 3562 244 3620 †
268 3555 376 3612 Locum
399 3552 533 3610 Athenaei
556 3551 621 3609 vide
644 3550 673 3607 in
695 3550 742 3608 Fr.
770 3552 878 3612 XLIX.
931 3555 981 3624 At,
1011 3554 1034 3612 si
1064 3575 1152 3634 supra
1177 3577 1243 3616 vera

184 3646 295 3715 monui,
315 3644 424 3702 nudum
446 3663 554 3701 nomen
574 3641 752 3712 Antimachi,
767 3643 805 3700 ab
824 3644 967 3702 Athenaeo
988 3645 1125 3724 positum,
1145 3658 1244 3707 nostro

183 3756 299 3796 carmen
319 3737 386 3812 jure
409 3734 511 3814 majori
531 3733 669 3800 vindicat,
691 3753 780 3811 quarn
801 3734 849 3792 alii
872 3735 938 3803 ulli;
962 3755 1015 3794 uec
1040 3738 1160 3814 reperio,
1184 3759 1243 3817 qua

185 3829 295 3888 ratione
311 3827 455 3884 Meursius
470 3828 498 3883 in
515 3825 591 3884 Bibl.
609 3825 661 3883 Gr.
677 3824 705 3882 id
720 3826 789 3883 Teio
804 3836 863 3884 tam
879 3837 990 3905 promte
1002 3827 1161 3905 imputhrit.

226 3930 239 3992 1
262 3919 338 3977 Dedi
354 3938 418 3976 eum
434 3918 482 3976 Fr.
500 3918 530 3975 L.

225 4019 238 4086 ξ
261 4011 299 4068 V.
315 4010 351 4068 de
366 4029 400 4068 eo
415 4009 531 4068 nornine
546 4009 642 4067 Strab.
661 4009 713 4066 IX.
730 4027 759 4085 p.
776 4012 845 4068 435.
861 4011 956 4085 (665.)
976 4021 1006 4069 et
1028 4012 1156 4090 interpp.
1180 4013 1242 4071 lle-

183 4104 265 4181 sych.
281 4123 309 4160 v.
323 4104 449 4180 Ἰχνέμη.
