2880 4792
295 309 342 394 94
604 348 826 397 snrruncur
848 346 1051 404 RELlQUIAE.

294 514 367 559 cum
383 495 543 561 similibus
558 497 681 562 multis.
708 497 834 586 Ἀκτωρ
849 506 957 562 exstat
971 519 1022 585 ap.
1039 493 1188 580 AEschyl.
1221 491 1359 556 Eumen.

293 597 382 675 402,
396 597 449 661 ubi
468 620 494 662 v.
513 597 620 687 Intpp.
636 610 669 664 et
690 601 906 688 reponendum
927 597 1008 662 forte
1022 607 1072 661 est
1091 597 1126 659 in
1141 595 1238 659 Hom.
1256 592 1358 678 Hym.

295 696 355 776 Vl,
376 701 440 778 55,
462 700 515 764 ubi
540 721 627 765 nunc
650 702 712 788 leg.
733 699 778 769 δῖε
798 708 912 789 κάτωρ,
934 710 970 764 ut
993 699 1154 764 scribatur
1180 695 1220 764 δῖ’
1244 697 1359 784 ἄκτωρ.

295 798 362 863 Aut
380 821 397 864 e
417 799 490 866 cod.
507 799 650 866 Moscor.
668 824 718 889 ap.
736 801 786 866 lll.
803 801 980 867 Ruhnken.
1002 799 1065 887 Ep·
1087 799 1160 862 crit.
1184 818 1215 883 p.
1235 797 1291 861 60.
1304 817 1360 860 ex-

294 900 508 987 sculpendum
529 899 568 969 δΐ
592 903 720 992 ἐλοτύρ,
740 904 828 991 quod
854 925 905 968 me
926 902 1038 967 docuit
1061 899 1223 988 Egregius
1250 907 1360 962 noster

295 1001 406 1083 wolf,
421 1013 454 1067 et
468 1003 599 1069 omuino
614 1005 718 1092 magis
733 1006 839 1093 placet
853 1005 895 1070 de
907 1004 1118 1092 gubernatore
1131 1001 1234 1065 novis
1273 998 1358 1064 Nam

295 1103 397 1168 forma
420 1106 560 1169 solennis
584 1115 633 1170 est
659 1107 801 1174 ἐλαύνειν
825 1116 893 1184 νῆα,
917 1116 953 1170 ut
973 1105 1007 1168 in
1031 1103 1154 1191 Odyss.
1175 1122 1273 1187 saepe.
1319 1099 1359 1164 ln

295 1206 510 1271 Antimacbeo
519 1228 608 1270 versu
616 1206 741 1271 Mstum
749 1206 862 1272 Batav.
874 1207 983 1294 Etym.
992 1206 1030 1270 M
1033 1254 1053 1286 .,
1062 1201 1358 1269 notanteValcken.

295 1308 335 1371 ad
353 1307 469 1374 Pboen.
482 1331 513 1396 p.
526 1309 614 1386 607,
625 1309 747 1394 praebet
762 1313 792 1376 ol
807 1313 883 1388 τῶν,
896 1309 981 1373 unde
996 1307 1038 1371 ab
1050 1305 1163 1372 eodem
1177 1303 1358 1369 restituitur

295 1408 454 1495 integrum
470 1420 587 1497 caput:
604 1408 722 1476 Ὀοσοι
737 1414 804 1476 σῶν
819 1441 852 1495 μ.
869 1439 892 1477 ε.
905 1439 929 1477 ε.
942 1441 970 1478 κ.
1017 1410 1070 1473 An
1085 1407 1150 1473 alia
1164 1406 1358 1472 auctoritate

294 1520 399 1597 poetae
414 1513 531 1599 ἕριιτωρ
546 1510 641 1575 hodie
656 1512 758 1598 possit
772 1513 901 1592 muniri,
913 1513 1066 1599 equidem
1076 1510 1196 1575 nescio.
1219 1508 1359 1574 Versum

295 1614 501 1700 probabiliter
515 1636 533 1678 e
549 1614 638 1701 Lyde
653 1613 790 1700 petitum
806 1636 887 1693 esse,
902 1615 1053 1702 opinatur
1067 1611 1229 1678 Valcken.
1247 1611 1269 1675 l.
1285 1632 1315 1675 c.

743 1993 911 2059 XXXIX.

295 2219 425 2284 Sciron.
442 2220 593 2308 Apollon.
611 2222 677 2288 Rb.
692 2223 718 2304 1,
729 2223 804 2288 211.
851 2225 994 2298 Τούτους
1008 2225 1055 2300 (n.
1070 2220 1169 2285 Zeten
1182 2231 1216 2285 et
1228 2220 1357 2302 Calain)

293 2325 325 2389 ἐκ
354 2321 514 2410 διαφόρων
540 2327 648 2392 τύπων
674 2326 870 2408 συμπλεῦσαι
892 2333 961 2399 τοῖς
987 2324 1220 2410 Ἀργοναύταις
1246 2330 1355 2410 φασίν.

295 2429 334 2492 Oi
357 2432 414 2510 μὲν
436 2428 500 2513 γὰρ
524 2432 555 2494 ἐκ
578 2429 716 2513 θρᾶκης,
737 2430 781 2502 ὡς
795 2425 1032 2501 Ἀπολλώνιος·
1055 2422 1244 2511 Ἡρόδωρος
1269 2423 1302 2493 δὲ
1325 2429 1357 2492 ἐκ

295 2527 468 2604 Δαυλίδος·
493 2535 612 2615 Δοῦρις
629 2526 661 2595 dl
677 2527 711 2602 ἐξ
724 2525 961 2614 Ὑπερβορέων·
986 2525 1159 2612 Καταλέγει
1174 2523 1207 2592 δὲ
1223 2531 1357 2604 τούτους

293 2635 341 2694 καὶ
356 2631 562 2716 Ἀντίμαχος·
585 2627 761 2705 Φανόδικος
777 2627 810 2695 δὲ
821 2632 854 2695 ἐν
867 2631 887 2695 ά
900 2628 1070 2705 Δηλιακὼν
1082 2625 1116 2702 ἐξ
1127 2625 1354 2716 Ὑπερβορέων

293 2733 409 2808 αὐτοὺς
424 2730 528 2798 ἐλθεῖν
542 2734 591 2798 ἐπὶ
606 2733 664 2797 τὸν
678 2729 795 2797 πλοῦν.
841 2729 894 2793 Ad
911 2728 1021 2815 Lyden
1042 2727 1182 2815 pertinet
1201 2727 1273 2810 hoc,
1289 2751 1355 2816 quo

293 2831 326 2895 in
352 2833 493 2898 carmine
520 2832 780 2919 Argonautarum
807 2852 856 2894 res
880 2829 1011 2894 uberius
1034 2851 1055 2893 a
1077 2839 1173 2916 poeta
1198 2837 1353 2895 tractatas

292 2953 372 3012 esse,
387 2955 486 3020 supra
501 2934 573 3019 jam
587 2931 708 2997 monui.
755 2931 865 3018 Atque
880 2952 920 2995 ex
941 2931 1003 2994 hoc
1024 2929 1147 2994 scholio
1168 2953 1263 3018 paene
1279 2932 1352 3019 quis

291 3033 454 3119 conjiciat,
478 3056 498 3098 a
523 3034 680 3122 principio
705 3042 738 3098 et
761 3033 871 3098 ordine
897 3032 1023 3097 illorum
1047 3031 1107 3095 iter
1132 3033 1354 3118 percensuisse

292 3135 535 3200 Antimachum.

788 3417 859 3481 XL.

291 3649 386 3711 lnnru
416 3648 444 3727 1,
473 3647 578 3725 1289,
604 3645 660 3710 ubi
687 3644 727 3708 de
756 3644 907 3722 Hercule,
934 3643 1195 3730 Argonautarum
1221 3644 1349 3723 comite,

289 3750 391 3815 varias
403 3758 569 3813 auctorum
582 3745 778 3810 narrationes
789 3745 1002 3834 persequitur,
1013 3743 1099 3831 quod
1111 3745 1245 3808 doctum
1257 3744 1350 3809 scho-

289 3853 356 3917 lion
364 3873 401 3916 eo
410 3851 513 3937 magis
522 3858 626 3913 totum
635 3869 883 3935 apponam,cum
895 3845 948 3909 hic
956 3844 1153 3910 Scholiastes
1164 3866 1228 3909 non
1239 3847 1272 3909 in
1281 3868 1348 3910 om·

289 3955 380 4018 nium
394 3952 543 4018 manibus
558 3951 620 4015 sit:
645 3949 870 4024 Ἀπολλώνιος
883 3953 940 4032 μὲν
956 3945 1184 4033 ἀπολελεῖφθαι
1200 3954 1276 4033 φησὶ
1291 3950 1348 4014 τὸν

288 4055 445 4142 Ἠρακλέα
470 4059 540 4140 περὶ
572 4058 663 4129 Κίον,
690 4048 829 4137 ἐκβάντα
855 4054 904 4116 ἐπὶ
933 4052 991 4126 τὴν
1017 4056 1073 4114 τοῦ
1095 4047 1181 4114 Ὕλα
1207 4049 1348 4126 ζήτησιν.

292 4161 463 4232 Διονύσιος
485 4154 517 4222 δὲ
542 4149 1077 4236 ὁΜιτυληναῖος,σνμπεπλευκέναι
1094 4153 1169 4234 φησὶ
1189 4151 1247 4217 τὸν
1262 4151 1349 4237 ἥρωα
