2880 4792
191 272 240 340 to
498 294 719 342 nxrruncnr
743 295 945 351 uariorum.

190 440 392 504 videantur*
441 441 649 527 lngeniosum
665 443 839 528 judicium,
861 454 893 507 et
916 444 1017 530 quod,
1035 443 1076 506 de
1095 443 1248 529 composi·

189 543 274 606 tione
298 543 463 606 verborum
486 544 607 630 prassini
629 546 797 630 asperiore,
818 567 923 609 verum
946 545 1054 608 forsan
1077 545 1158 630 ipsae
1181 567 1249 608 nos·

189 656 247 708 trae
264 644 408 730 reliquiae
426 647 558 731 probare
576 653 762 732 poterunt.†

233 746 293 811 Sed
312 747 383 809 aliis
398 758 513 833 praeter
525 748 586 811 hoc
602 750 845 835 majoribusque
862 748 949 811 vitiis
970 758 1068 834 poeta
1088 746 1249 812 laborasse

190 848 318 912 dicitur.
364 847 512 922 Quorum
530 849 667 933 primum
684 859 733 913 est
748 850 938 927 obscuritas,
954 850 1099 928 suborta,
1114 859 1153 912 ut
1169 849 1250 913 vide-

191 960 254 1031 tur,
269 951 409 1014 maxime
425 973 464 1014 ex
481 950 697 1037 frequentiore
713 975 773 1015 usu
789 952 980 1036 glossarum,
995 950 1029 1013 h.
1043 972 1071 1014 e.
1089 973 1206 1014 vocum
1219 963 1250 1014 et

192 1052 398 1116 formularum
426 1053 589 1130 rariorum,
619 1074 639 1116 a
666 1053 888 1140 loquendique
917 1053 1156 1117 consuetudine
1182 1054 1247 1138 jam

190 1162 392 1219 remotarum.
451 1153 544 1216 Tales
573 1153 668 1231 enim,
698 1154 829 1218 Homeri
860 1155 1062 1240 aliorumque
1092 1155 1249 1242 exemplo,

190 1254 336 1340 inprimis
353 1256 385 1319 in
402 1255 525 1318 deliciis
541 1255 706 1320 habebant
720 1266 823 1341 poetae
846 1256 1085 1341 insequentium
1108 1265 1248 1333 aetatum,

190 1357 309 1442 quibus
323 1357 568 1442 exquisitiorem
584 1367 616 1421 et
631 1380 650 1421 a
664 1358 785 1443 vulgari
799 1370 830 1423 et
842 1358 979 1446 pedestri
991 1380 1137 1422 sermone
1148 1359 1248 1444 magis

189 1459 413 1523 abhorrentem
429 1460 605 1524 orationem
621 1470 822 1524 exornarent.
879 1459 994 1546 Neque
1011 1459 1043 1522 id
1061 1459 1157 1524 facile
1173 1460 1248 1522 vitio

189 1562 228 1625 iis
252 1571 415 1625 verterunt
438 1562 563 1647 antiqui
585 1562 649 1625 stili
669 1583 827 1642 censores,
852 1584 910 1626 nec
935 1562 1039 1625 facere
1063 1570 1246 1648 potuerunt.

190 1662 290 1741 Quin,
310 1674 440 1728 auctore
454 1662 666 1741 Quintiliano,
683 1663 808 1727 laudem
825 1665 856 1726 in
873 1673 981 1728 nostro
996 1664 1109 1728 lubuit
1124 1661 1247 1728 mininie

188 1766 321 1854 vulgare
336 1766 498 1851 eloquendi
510 1788 620 1852 genus,
635 1776 764 1852 propter
779 1766 867 1852 quod
884 1767 989 1852 ipsum
1005 1767 1104 1830 etiam
1119 1787 1246 1830 carmen

189 1869 288 1932 nostri
305 1868 495 1931 reconditum
505 1878 598 1931 vocat
615 1867 763 1951 Ciceross
809 1869 869 1932 Est
879 1880 984 1932 tamen
996 1868 1029 1930 in
1042 1868 1104 1932 hoc
1117 1889 1247 1955 quoque

189 1971 304 2034 modus
320 1978 352 2033 et
367 1969 446 2032 ratio
462 1968 623 2054 quaedam,
643 1992 682 2034 ne
698 1970 922 2034 obscuritatem
937 1969 1074 2034 orationi
1087 1969 1248 2047 offundas,

190 2073 320 2157 qualem
336 2070 533 2134 carminibus
549 2070 617 2134 suis
633 2073 779 2136 nonnulli
796 2095 835 2136 ex
854 2072 1095 2151 Alexandrinis,
1114 2094 1247 2158 praeser-

188 2172 247 2234 tim
264 2171 464 2258 Lycophron,
480 2171 624 2235 studiose
639 2173 866 2257 quaesiverunt.
921 2175 1031 2260 Atque
1056 2173 1117 2238 hos
1138 2174 1171 2236 in
1188 2173 1247 2237 hoc

231 2359 247 2390 *
269 2357 329 2414 Vll.
354 2354 459 2413 Timol.
485 2376 513 2433 p.
541 2357 611 2413 253.
642 2356 676 2413 C.
707 2357 845 2436 Καθάπερ
870 2366 926 2436 γὰρ
954 2363 969 2429 ἡ
991 2359 1044 2437 μέν
1071 2358 1246 2438 Ἀντιμάχου

188 2458 298 2520 ποίησις
319 2452 363 2507 καὶ
383 2454 417 2507 τὰ
441 2448 592 2506 Διονυσίου
617 2453 836 2528 ζωγραφήματα,
856 2461 911 2509 τῶν
935 2450 1136 2530 Κολοφωνίων,
1163 2449 1247 2529 ἶσχόν

189 2543 292 2622 ἔχοντα
312 2545 357 2600 καὶ
375 2544 466 2609 τόνον,
482 2539 552 2613 (vim
567 2548 597 2596 et
610 2543 789 2616 pravitatem
809 2541 999 2616 Quintilian.)
1014 2541 1246 2623 ἐκβεβιασμένοις

189 2640 234 2693 καὶ
254 2637 420 2698 καταπόνοις
440 2631 518 2702 έοικε,
539 2641 601 2697 ταῖς
615 2632 644 2690 δέ
661 2636 824 2712 Νικομάχου
839 2644 962 2714 γραφαῖς
980 2638 1024 2691 καὶ
1044 2644 1102 2701 τοῖς
1116 2633 1245 2714 Ὀμήρου

190 2734 308 2806 στίχοις,
322 2730 392 2802 μετὰ
407 2735 455 2793 τῆς
475 2726 566 2793 ἄλλης
586 2723 727 2802 δυνάμεως
746 2729 791 2782 καὶ
810 2728 935 2804 χάριτος,
951 2730 1083 2804 πρόσεστι
1107 2727 1138 2785 τὸ
1157 2727 1246 2786 δοκεῖν

188 2824 308 2898 εὐχερῶς
332 2820 375 2876 καὶ
398 2815 498 2893 ῥᾳδίως
520 2814 724 2893 ἀπειργάσθαι·
750 2816 835 2883 οὕτως
860 2825 936 2897 παρὰ
956 2822 1007 2887 τὴν
1029 2818 1245 2897 Ἐπαμινώνδου

189 2915 363 2987 στρατηγίαν
378 2911 421 2965 καὶ
433 2911 484 2975 τὴν
497 2906 684 2982 Ἀγησιλάου,
699 2914 874 2977 πολυπόνους
889 2914 1043 2989 γενομένας
1058 2915 1102 2969 καὶ
1118 2911 1245 2986 δυσάγω-

190 3028 251 3072 νας,
275 3007 291 3071 ἡ
316 3001 501 3077 Τιμολέοντος
523 3001 769 3080 ἀντεξεταζομένη,
794 3006 838 3061 καὶ
851 3009 921 3081 μετὰ
942 3012 990 3061 τοῦ
1015 3008 1100 3061 καλοῦ
1118 3003 1192 3062 πολι)
1214 3005 1244 3063 τό

186 3093 285 3171 ῥᾳδίως
295 3097 421 3172 φαίνεται
431 3097 489 3154 τοῖς
498 3086 527 3147 εὖ
539 3093 584 3146 καὶ
595 3090 705 3159 δικαίως
715 3095 921 3174 λογιζομένοις,
932 3099 964 3157 οὺ
975 3096 1062 3173 τύχης
1073 3094 1167 3172 ἔργον,
1177 3095 1245 3155 ἀλλ’

189 3190 288 3263 ἀρετῆς
310 3182 489 3260 εὐτυχούσης.
534 3179 624 3238 Plura
648 3182 685 3240 de
707 3184 822 3243 duobus
845 3185 1015 3263 pictoribus,
1046 3186 1191 3266 Dionysio
1215 3196 1244 3245 et

189 3274 381 3343 Nicomacho,
405 3272 451 3330 cui
476 3272 547 3330 scire
564 3272 736 3346 collibuerit,
758 3276 844 3335 adeat
859 3277 940 3336 Juuii
960 3277 1096 3355 Catalog.
1113 3279 1198 3339 Artif.
1213 3298 1242 3356 p.

187 3371 236 3426 79.
252 3370 364 3426 et134.

228 3471 246 3534 †
268 3459 316 3518 Cf.
335 3458 456 3536 Dionys
474 3457 541 3515 Hal.
556 3462 616 3537 περὶ
632 3459 714 3518 corb.
735 3464 815 3541 ὀνορ.
829 3483 858 3541 p.
875 3466 923 3520 22.
939 3472 1024 3532 extu,
1039 3462 1089 3521 ubi
1104 3467 1242 3524 Antima-

186 3555 272 3612 chum
295 3551 504 3628 Colophonium
519 3549 685 3627 exemplum
700 3564 750 3623 τῆς
770 3559 911 3632 αὐστηρᾶς
925 3558 1062 3634 ἁρμονίας
1076 3554 1171 3630 affert,
1185 3576 1242 3615 una

187 3665 252 3703 cum
270 3639 461 3721 Empedocle,
478 3641 616 3711 Pindaro,
633 3643 782 3722 AEsehylo,
799 3644 871 3703 aliis.
915 3646 1052 3705 Ceterum
1062 3647 1140 3707 idem
1152 3649 1242 3728 scrip·

186 3748 231 3796 tor
252 3736 331 3806 alibi,
354 3735 378 3791 si
399 3733 486 3790 modo
507 3733 581 3791 idem
604 3744 660 3805 est,
674 3746 804 3795 nostrum
819 3748 918 3796 censet
933 3737 1100 3815 diligentem
1116 3747 1242 3809 εὐτονίας

185 3833 439 3904 καὶάγιονιστικῆς
461 3828 631 3905 τραχύτητος
654 3832 697 3886 καὶ
717 3839 764 3888 τοῦ
787 3830 926 3900 συνήθους
949 3842 997 3902 τῆς
1018 3835 1192 3909 ἐξαλλαγῆς,
1213 3834 1242 3892 in

184 3922 328 4001 Ἀρχαίων
342 3919 462 3986 ἐξετάσει
477 3936 506 3994 p.
523 3919 571 3975 68.
588 3917 634 3975 ed.
652 3919 731 3997 Sylb.
746 3922 795 3979 ubi
811 3943 837 3979 v.
855 3923 893 3980 H.
911 3923 1014 4001 Steph.

225 4020 238 4082 1
261 4010 316 4070 Vel
329 4009 359 4067 hi
368 4007 430 4066 loci
444 4008 531 4086 igitur
545 4009 660 4082 docent,
670 4012 747 4087 quod
759 4013 883 4073 Salmas.
897 4016 1024 4093 negabat
1036 4016 1074 4075 ad
1090 4017 1240 4096 Spartian.

184 4105 204 4162 l.
225 4107 250 4162 l.
