2880 4792
198 283 240 351 l0
520 301 740 349 as'rrarscur
764 296 965 356 astrorum.

191 450 293 537 possit
317 449 356 513 ad
381 458 556 514 ceterorum
581 448 726 534 ejusdem
748 447 873 533 generis
893 457 1057 511 auctorum
1080 447 1245 534 ingenium

188 551 454 638 pernoscendum,
478 550 656 636 meritaque
681 548 821 635 penitius
845 548 1012 613 comenda.
1064 548 1150 612 Nam
1172 569 1247 613 cum
1300 560 1310 573 ·

189 672 314 737 semper
324 651 386 714 lere
398 652 439 715 ad
449 651 615 736 antiquius
626 650 756 737 aliquod
767 651 930 734 exemplar
938 651 1123 714 excellentis
1136 650 1247 714 formae

188 753 331 838 quisque
351 752 560 838 posteriorum
577 773 645 815 sese
662 751 908 837 composuerint,
924 751 1064 838 indeque
1080 774 1167 838 saepe
1182 752 1249 837 spi-

189 853 298 933 ritum,
328 853 495 939 operisque
524 852 672 930 colorem,
709 852 804 915 verba
834 853 914 917 adeo
943 862 1042 940 atque
1071 853 1248 917 sententias

188 954 350 1033 duxerint,
363 954 456 1019 facile
469 963 518 1017 est
532 953 573 1016 ad
586 952 826 1031 aestimandum,
838 953 930 1017 nobis
944 975 1042 1033 nunc,
1055 976 1122 1040 quo
1133 953 1249 1017 melius

189 1055 269 1120 illud
285 1077 448 1134 renovare,
464 1064 528 1119 ete
544 1053 743 1117 lineamentis
757 1053 878 1140 passim
893 1054 1012 1140 sparsis
1027 1055 1143 1117 iterum
1152 1054 1247 1141 quasi

188 1156 359 1221 informare
382 1155 554 1242 possimus,
575 1177 614 1218 eo
634 1155 737 1240 magis
758 1154 798 1218 de
823 1154 937 1218 horum
961 1156 1067 1219 indole
1086 1164 1245 1235 constare,

187 1279 289 1342 eoque
314 1257 435 1320 certius
458 1267 559 1320 artem
585 1256 720 1341 intelligi
746 1256 954 1343 judicarique
977 1278 996 1319 a
1023 1256 1115 1320 nobis
1140 1278 1245 1342 posse.

187 1354 271 1420 Sunt
282 1369 390 1420 autem
403 1356 468 1434 alii,
481 1377 617 1442 quorum
630 1357 813 1420 nominibus
827 1358 889 1421 lere
902 1357 977 1422 solie
989 1357 1057 1421 sata
1068 1379 1246 1444 pepercere,

188 1458 321 1521 servatis
342 1480 359 1521 e
378 1458 505 1543 scriptis
525 1479 636 1521 eorum
658 1458 786 1521 nonnisi
808 1458 1021 1544 paucissimis,
1038 1480 1123 1545 quos
1138 1469 1247 1524 tamen

187 1558 332 1622 seculum
357 1581 452 1622 suum
476 1559 627 1645 praeclare
650 1557 840 1638 illustrasse,
865 1580 1082 1646 magnamque
1109 1560 1175 1624 vim
1205 1561 1245 1624 ad

191 1658 376 1725 universum
403 1660 589 1725 litteraturae
617 1681 821 1746 progressum
849 1659 1000 1725 habuisse
1024 1661 1058 1723 in
1081 1673 1246 1748 comperto

189 1766 250 1821 est.
297 1756 421 1822 Horum
443 1759 594 1822 memoria
614 1759 834 1837 instauranda,
855 1759 895 1822 ad
917 1759 1149 1846 hominumque
1164 1763 1248 1826 noti·

189 1859 266 1923 tiam
283 1860 388 1925 denuo
403 1860 577 1946 prodenda,
593 1861 701 1922 nullus
716 1859 839 1937 dubito,
850 1859 931 1945 quin
946 1861 1020 1946 quis
1036 1859 1116 1924 bene
1128 1883 1248 1926 merea·

188 1970 242 2024 tur
262 1962 303 2025 de
322 1962 437 2025 artium
461 1983 498 2024 ac
519 1962 696 2024 litterarum
717 1960 860 2037 historia,
876 1983 951 2048 quae
969 1972 1004 2024 ut
1019 1961 1113 2047 plena
1128 1972 1161 2025 et
1175 1986 1248 2049 per·

188 2061 272 2127 fecta
296 2062 349 2138 sit,
368 2083 430 2124 non
452 2063 547 2125 modo
568 2061 692 2140 horum,
712 2082 794 2147 quos
814 2061 981 2146 benignior
1000 2062 1131 2127 fortuna
1153 2065 1247 2129 nobis

187 2162 357 2241 concessit,
384 2162 440 2225 sed
470 2171 646 2226 ceterorum
677 2162 772 2226 etiarn
801 2173 976 2242 auctorum,
1003 2163 1088 2227 lama
1114 2186 1247 2251 operum

189 2264 353 2350 quondam
375 2264 559 2342 illustrium,
576 2264 707 2327 notitias
722 2264 893 2350 complecti
908 2265 1014 2329 debet.
1060 2265 1171 2353 Atque
1187 2269 1248 2332 hoc

190 2386 289 2429 unum
300 2365 370 2449 jam
386 2365 465 2428 satis
481 2364 584 2429 valere
601 2366 688 2452 apud
704 2387 754 2428 me
771 2374 907 2450 poterat,
925 2375 963 2430 ut
983 2367 1192 2449 Antimacho,
1207 2373 1247 2435 de

188 2488 254 2551 quo
272 2466 441 2553 hucusque
456 2489 561 2553 pauca
574 2490 594 2531 a
608 2467 683 2530 viris
699 2466 741 2530 rei
758 2466 919 2530 litterariae
930 2468 1041 2554 peritis
1055 2479 1089 2532 et
1109 2472 1246 2555 sparsim

187 2568 304 2632 tradita
323 2575 429 2649 sunt,*
450 2591 577 2655 operam
599 2569 859 2656 qualemcunque
880 2590 983 2631 meam
1004 2569 1111 2634 dicare
1127 2573 1247 2637 consti·

187 2676 318 2733 tuerem.
363 2668 535 2756 Sperabam
557 2680 723 2756 praeterea,
744 2690 819 2733 cum
839 2670 977 2754 primum
997 2669 1058 2734 hoc
1073 2672 1246 2737 consilium

185 2769 309 2850 inirem,
337 2771 481 2834 studium
508 2771 570 2835 hoc
597 2769 742 2835 nonnihil
773 2770 975 2855 profuturum
1003 2771 1098 2835 etiam
1131 2773 1247 2840 Latino

187 2879 300 2954 poetae,
322 2871 460 2956 Papinio
481 2870 598 2950 Statio,
622 2893 718 2957 quem
738 2893 758 2934 a
776 2871 922 2959 pluribus
943 2872 1129 2958 diligentem
1151 2875 1247 2940 Anti-

187 2971 295 3035 machi
310 2970 501 3034 imitatorem
512 2970 621 3034 haberi
638 2971 820 3049 videbam.†
865 2972 981 3060 ltaque
998 2974 1143 3060 inhujus
1160 2976 1247 3064 frag·

187 3072 302 3135 mentis
325 3071 525 3158 explicandis
549 3093 647 3156 quam
667 3072 805 3137 maxime
832 3085 1017 3159 occupatus,
1043 3097 1107 3141 non
1132 3078 1244 3164 defugi

185 3171 325 3235 laborem
348 3171 504 3236 Statianae
524 3171 698 3238 Thebaidis
717 3184 865 3239 accurate
885 3176 1097 3262 perlegendae,
1114 3178 1141 3241 si
1162 3180 1243 3266 quid

124 3288 126 3293 ’
184 3283 279 3351 esset,
290 3273 379 3360 quod
395 3272 435 3336 ad
451 3274 637 3338 alterutrum
650 3285 777 3360 poetam
788 3276 822 3338 in
838 3277 955 3362 majore
970 3278 1042 3342 luce
1057 3280 1243 3364 ponendum

186 3374 299 3454 lacere,
310 3376 360 3439 vel
370 3375 433 3439 alio
441 3375 536 3439 modo
547 3397 619 3439 meo
628 3376 760 3440 consilio
770 3376 920 3440 inservire
929 3388 1047 3464 posset.
1092 3378 1245 3445 Attamen

226 3576 242 3609 ⁴
265 3575 300 3630 V.
317 3574 429 3652 Tanaq.
447 3574 541 3632 Fabri
558 3573 619 3631 Vit.
640 3583 718 3651 poet.
744 3574 841 3632 Graec.
857 3576 891 3632 T.
908 3577 945 3634 X.
960 3576 1100 3636 Thesauri
1113 3579 1244 3640 Gronov.

186 3686 218 3743 p.
232 3667 302 3724 779.
346 3667 460 3724 Meurs.
483 3665 621 3724 Biblioth.
638 3666 690 3724 Gr.
712 3665 780 3724 ibid.
800 3687 829 3745 p.
854 3669 940 3726 1226.
984 3670 1099 3729 Pinedo
1117 3671 1244 3732 Breviar.

186 3766 295 3816 auctor.
310 3777 327 3816 a
342 3757 444 3835 Steph.
462 3756 531 3835 Byz.
544 3756 727 3815 laudatorum
742 3777 772 3835 p.
789 3760 858 3816 754.
909 3762 1023 3818 Vossius
1038 3762 1075 3820 ad
1091 3762 1201 3821 Catull.
1214 3784 1243 3842 p.

187 3852 256 3908 323.
299 3848 338 3909 G.
355 3850 397 3907 lo.
420 3849 535 3907 Vossius
549 3848 586 3906 de
601 3849 684 3907 Poet.
700 3847 752 3906 Gr.
773 3851 841 3920 l,6.
882 3852 1134 3914 KiisteradSuid.
1170 3855 1205 3915 T.
1223 3857 1246 3918 l.

187 3962 216 4020 p.
232 3943 302 3999 224.
347 3941 469 3999 Fabric.
486 3938 561 3997 Bibl.
574 3938 626 3998 Gr.
644 3940 683 3996 ll.
703 3942 749 3998 15.
766 3959 795 4017 p.
811 3943 879 3999 570.

228 4044 246 4106 †
268 4033 303 4091 V.
318 4031 419 4091 Barth.
436 4031 473 4089 ad
488 4030 613 4088 Statium
633 4031 724 4088 Theb.
742 4032 861 4098 1.452;
886 4034 941 4091 lll.
956 4037 1034 4104 466;
1058 4035 1107 4095 IV.
1121 4039 1179 4103 45;
1203 4038 1241 4097 V.

187 4127 245 4194 92;
269 4126 320 4183 Vl.
336 4127 401 4182 314.
416 4125 483 4180 463.
498 4122 575 4181 alibi.
592 4122 630 4179 cf.
646 4123 759 4181 Fabric.
778 4123 853 4183 Bibl.
871 4125 931 4184 Lat.
947 4127 986 4184 ll.
1003 4130 1047 4185 16.
