2880 4792
189 289 255 358 102
492 309 715 358 uurruucru
744 311 946 367 uuuruurffi.

186 460 278 525 Οὕτω
305 459 416 525 Φίλων
444 463 488 535 είς
514 460 552 526 τὰ
578 458 732 545 ῥηματικὰ
756 461 863 526 αὐτοῦ.
909 457 962 523 Cf.
990 458 1135 546 Hesych.
1165 460 1197 526 h.
1221 486 1250 525 v.

184 560 294 646 ibique
318 560 425 647 lntpp.
443 561 561 625 Glossa
580 571 629 625 est
649 561 690 625 ab
710 559 859 647 α’βολεῖν,
874 561 963 650 quod
986 584 1043 650 pro
1063 561 1253 650 ἀντιβολεῖν

185 681 240 722 seu
263 664 423 744 συναντᾷν
443 659 603 723 dixerunt
650 657 701 724 Cf.
718 660 865 746 superins
886 683 917 746 p.
933 659 1141 725 32.-SCH.
1167 660 1252 724 Mihi

185 760 316 847 quidem
326 761 419 825 valde
428 771 610 847 suspectam
621 771 670 825 est
681 761 767 825 istud
791 761 934 849 Ἰαχίνρε
960 761 1251 850 forsanlegendum

186 861 380 951 Ἀντίμαχος
395 889 402 927 :
428 861 567 951 Ἰιίχοντι
583 861 610 929 δ’
624 863 675 949 ἄρ’
689 867 720 930 οί
735 862 794 950 rifi.
813 863 845 929 ἄ.
862 862 971 929 ί.-Β.

311 1314 388 1378 Vll.
436 1314 720 1382 FRAGMENTA
745 1315 959 1383 INCERTAE
982 1315 1128 1381 SEDIS.

685 1602 757 1666 Lll.

283 1838 377 1922 Ἴθειί
396 1841 446 1934 θ’,
467 1839 501 1932 ‘ric
521 1840 708 1959 κάρτιστος
729 1841 932 1944 ἐπιχθονίων
952 1842 988 1938 ἦν
1009 1838 1142 1959 ἀνδρῶν.

189 2075 324 2139 Eusnn.
343 2077 447 2162 Praep.
469 2076 529 2140 Ev.
555 2074 596 2138 X.
618 2077 663 2153 3.,
679 2096 735 2138 seu
760 2073 867 2161 potius
892 2072 1092 2162 Porphyrius
1115 2076 1147 2138 in
1171 2076 1251 2155 loco,

188 2201 284 2265 quem
308 2178 360 2242 ille
383 2179 537 2266 excerpit,
561 2177 601 2241 de
625 2177 813 2241 Graeoorum
837 2176 1029 2263 scriptorum
1056 2177 1188 2265 plagin,
1211 2179 1252 2242 de

189 2278 394 2358 Antimacho,
410 2301 507 2366 quem
524 2278 687 2368 plagiariis
704 2277 834 2343 Homeri
851 2288 1011 2357 accenset,
1026 2278 1106 2342 dicit
1126 2279 1190 2344 ita:
1213 2279 1251 2347 ‘0

188 2381 394 2467 Ἀντίμαχος,
410 2382 448 2447 τὰ
464 2380 604 2468 Ὀμήρου
620 2380 774 2461 κλέπτων,
791 2378 1006 2468 παραδιορθεῖ.
1030 2379 1172 2469 Ὀμήρου
1189 2385 1252 2471 γὰρ

188 2485 344 2559 εἰπόντος·
360 2481 450 2551 Ἴδεώ
471 2485 515 2562 θ’,
535 2484 574 2559 ὃς
595 2480 760 2569 κάρτιστος
780 2481 974 2571 ἐπιχθονίων
999 2484 1099 2570 γίνετ’
1113 2483 1253 2572 ἀνδρῶν·

188 2573 383 2673 Ἀντίμαχος
398 2586 492 2673 λέγει·
510 2583 683 2662 Ἴδεω-ἧν
695 2583 832 2673 ἀνδρῶν.
867 2592 926 2652 Καὶ
944 2588 1121 2672 Λυκόφρων
1136 2589 1255 2654 ἐπαινεῖ

188 2691 246 2765 τὴν
260 2686 434 2772 μετάθεσιν,
445 2692 490 2764 ὡς
505 2686 534 2754 δί
550 2689 647 2764 αὐτῆς
662 2690 883 2774 ἐστηριγμέυου
897 2693 954 2752 τοῦ
970 2692 1094 2774 στίχον.
1119 2689 1165 2755 Τὸ
1178 2690 1252 2776 γὰρ·

190 2793 255 2857 Τὸυ
279 2789 306 2857 δ’
330 2787 803 2878 ἀπαμειβόμενος-Διομήδης,
827 2796 919 2877 σιγῶ,
939 2789 1081 2876 Ὁμήρου
1106 2791 1254 2879 κωμῳδη-

189 2889 299 2968 θέντος
314 2895 375 2958 ὑπὸ
391 2898 549 2979 Κρατίνου
569 2890 618 2959 διὰ
634 2895 670 2958 τὸ
686 2890 860 2959 πλεονάσαι
881 2897 914 2959 ἐν
929 2898 983 2979 τῷ,
1000 2895 1057 2960 τὸν
1073 2891 1105 2960 δ’.
1124 2894 1254 2979 α’τταμει·

186 2991 341 3079 βόμευος.
381 2994 482 3081 Ὅπερ
503 2996 584 3061 οὕτω
604 2999 820 3078 πεπατημίνον
835 2996 892 3061 οὐκ
907 2997 1046 3072 ὤκνησεν
1059 2996 1255 3086 Ἀντίμαχος

187 3095 370 3180 μεταθεῖναι.
407 3105 471 3162 Τοῦ
487 3095 528 3164 δὲ·
567 3101 672 3173 Λαῶυ,
688 3099 772 3163 οίσιν
787 3097 915 3175 ίίνασσε,
931 3100 1034 3185 πατὴρ
1055 3096 1085 3165 δ’
1099 3100 1144 3174 ὡς
1158 3100 1253 3176 ἤπιος

189 3204 253 3278 ἦεν,
269 3199 438 3285 Ὁμηρικοῦ
453 3201 559 3276 ὄντος,
573 3206 621 3265 καῖ
634 3196 733 3266 πάλιν
748 3198 898 3287 ἀλλαχοῦ
914 3228 975 3267 τον
990 3199 1178 3286 λεγομένου·
1215 3206 1253 3268 Οἱ

189 3299 217 3368 δ’
245 3306 308 3368 ἐπεὶ
333 3299 553 3388 ἀμφοτέρωθεν
577 3305 785 3388 ἐκαρτύναντο
807 3301 989 3389 φάλαγγας,
1014 3307 1032 3368 ὁ
1057 3305 1253 3392 Ἀντίμαχος

187 3402 330 3489 μεταθεὶς
349 3406 520 3492 ἡμιστίχια,
534 3407 690 3480 πεποίηκε·
714 3403 1039 3492 Λαῶυ-φιίλαγγας.
1087 3406 1251 3493 Integrum

189 3506 293 3570 locum
309 3506 473 3593 descripsi,
489 3527 554 3593 quo
569 3505 693 3569 facilior
713 3508 783 3592 ejus
803 3517 890 3570 esset
905 3517 1108 3594 conspectus.
1156 3507 1251 3572 Nunc

188 3605 229 3669 de
244 3607 380 3694 singulis
395 3607 581 3672 videndum.
629 3607 725 3682 Quod
749 3608 790 3672 ad
811 3607 950 3693 primum
967 3630 1105 3688 versum,
1121 3631 1252 3696 supma

188 3729 240 3772 me
255 3710 446 3789 exhibitum,
462 3711 587 3789 attinet,
603 3711 716 3798 utique
735 3710 770 3774 in
788 3733 826 3776 eo
841 3708 1097 3800 παραδιόρθωσιν
1119 3712 1251 3780 Homeri

187 3832 359 3899 agnoscere
384 3813 500 3900 possis.
547 3812 755 3879 Numerosior
780 3813 866 3878 enim
890 3812 1035 3900 profecto
1060 3813 1252 3881 Homericus

187 3925 237 3978 est
262 3914 300 3980 Il.
325 3945 343 3981 ι.
368 3916 440 3980 554.
487 3917 638 3980 Attamen
667 3916 761 3981 multi
787 3916 884 3980 etiam
911 3916 944 3979 in
974 3915 1116 3983 Homero
1145 3941 1253 3983 versus

187 4017 346 4083 habentur
371 4018 549 4106 spondaioi,
573 4040 632 4083 nec
659 4019 723 4083 alio
746 4019 825 4083 uitio
852 4019 1086 4085 Antimacheus
1116 4021 1251 4086 laboret.

185 4117 301 4206 Neque
315 4122 395 4185 adeo
410 4122 484 4209 quis
499 4121 612 4209 quovis
633 4123 766 4210 pignore
785 4123 970 4202 contendat,
985 4123 1017 4186 in
1039 4123 1129 4188 nulla
1145 4145 1254 4190 recen·
