2880 4792
307 299 376 368 106
606 321 826 371 turronem
847 322 1053 377 ururourn.

305 466 418 530 thenes
433 467 517 554 opud
541 465 702 534 Ilereclid.
722 468 816 534 Pont.
837 470 871 533 in
892 469 1034 555 Allegor.
1054 467 1186 531 Homer.
1233 469 1367 553 Κορπὸν

306 566 504 646 Ἐλευσινίης·
524 574 718 656 Δημήτερος.
763 569 826 635 Sed
848 580 933 635 recte
947 570 1091 634 Achilles
1106 568 1223 633 Totius
1241 568 1368 655 Isagog

304 668 337 732 in
352 669 443 732 Arati
462 668 630 734 Phaenonr.
647 695 681 757 p.
700 672 770 749 ΙΟΟ,
785 673 837 736 ed.
859 671 878 734 J
883 682 970 736 untae
985 672 1031 735 fil.
1052 671 1245 747 Ἐλευσίνιος
1262 674 1371 754 Δημή·

304 798 404 855 τερος.
453 773 559 858 Atque
583 771 739 836 hactenus
765 773 848 837 haee.
894 773 1127 860 Fragmentum
1151 793 1226 835 vero
1253 772 1300 834 ita
1325 772 1368 833 le-

306 893 425 957 gerum:

436 1012 606 1094 Δήμητρός
620 1037 667 1074 τοι
682 1010 870 1087 Ἐλευσῖνος
886 1014 951 1097 ἱερὴ
966 1013 1010 1096 hp
1035 1018 1051 1048 ⁹
1075 1011 1092 1041 ⁹
1116 1018 1133 1048 ⁹
1157 1012 1173 1042 ⁸
1198 1015 1214 1045 ⁸

434 1114 614 1194 Δήμητρος,
628 1109 698 1177 τόθι
713 1117 810 1197 φασὶν
827 1113 978 1197 Ἐρινύος
993 1112 1071 1177 εἶναι
1087 1108 1231 1177 ἔδεθλον.

305 1241 484 1305 secundum
508 1264 635 1306 versum
657 1241 762 1328 adjeci
784 1264 823 1307 ex
844 1242 1012 1306 Arcadieis
1036 1240 1220 1317 Pausaniae,
1239 1254 1265 1320 ς.
1286 1241 1305 1302 3
1333 1260 1364 1324 p.

305 1343 379 1406 425.
405 1341 480 1405 Fac.
498 1344 552 1407 ubi
567 1344 698 1408 seorsim
713 1342 957 1409 chutun-BL.

780 1640 885 1704 LVII.

457 1895 511 1903 -
532 1845 588 1924 Ἐν
608 1840 640 1923 δ’
660 1839 801 1961 dIo'pocot
821 1840 910 1945 χέειν
931 1842 1089 1925 εὖῖλατον
1109 1841 1211 1941 ἄλφι.

305 2065 378 2140 Qur
395 2066 436 2129 ub
452 2065 561 2151 Etym.
579 2066 627 2132 M.
642 2066 761 2131 citatur
782 2089 814 2152 p.
836 2066 885 2129 18.
901 2066 923 2129 l.
938 2065 991 2129 40.
1008 2065 1064 2129 ubi
1085 2086 1197 2130 vocem
1219 2064 1365 2151 exquisi-

305 2167 393 2231 tioris
407 2188 484 2230 usus
496 2164 615 2253 ἄδορος
627 2167 779 2255 explieat,
793 2189 891 2254 quam
903 2189 961 2253 pro
971 2177 1042 2230 utre
1055 2168 1104 2230 vel
1115 2188 1203 2230 socco
1216 2175 1367 2251 posuerat

306 2267 517 2332 Antimachus
530 2292 537 2331 τ
565 2267 723 2355 Ἀδόροις.
747 2270 1024 2356 Ἀντίμαχος-ἔν
1038 2265 1067 2334 δ’
1078 2265 1166 2353 ἂδόρ.
1178 2297 1205 2333 κ.
1217 2267 1268 2332 I?
1277 2270 1367 2355 Δόρυ

303 2371 367 2455 γὰρ
382 2369 503 2455 λέγεται
518 2372 604 2456 παρὰ
617 2366 795 2455 ἐκδεδᾶρθοι
808 2368 916 2455 δόρος·
939 2375 988 2435 καὶ
1004 2366 1104 2454 δόροι,
1116 2367 1194 2434 κατὰ
1207 2368 1368 2435 πλεονασ-

301 2471 364 2553 μὸν
380 2468 535 2557 ἅδοροι,ἢ
556 2470 626 2538 ἀντὶ
646 2478 702 2536 τοῦ
724 2467 899 2555 κακόδοροι·
923 2471 1026 2545 οὕτως
1048 2466 1261 2555 Ἤρωδιανός.
1309 2475 1365 2535 Λέ-

303 2599 415 2657 γοντοι
435 2569 467 2638 δὲ
491 2577 540 2637 καὶ
561 2569 704 2657 κῴρυκοι,
722 2570 868 2651 θΰλοκοι,
890 2569 991 2636 ἆσκοί·
1019 2572 1089 2637 οἷον
1110 2571 1148 2635 οὐ
1173 2568 1366 2656 δεδαρμένοι.

304 2671 470 2735 Postrema
493 2672 589 2735 etiam
613 2670 758 2758 Hesyeh.
781 2670 879 2735 hebet
894 2694 921 2735 v.
938 2669 1059 2757 ἄδοροι.
1098 2670 1201 2757 Ἀλφι
1224 2683 1258 2734 et
1279 2670 1364 2757 ὕδωρ

303 2774 475 2860 conjungit
489 2783 575 2838 auct.
589 2773 710 2859 Hymn.
723 2794 824 2858 nuper
839 2773 918 2836 editi
934 2774 967 2836 in
984 2773 1056 2836 Cer.
1072 2796 1101 2835 v.
1113 2773 1188 2837 208.
1201 2773 1257 2835 ubi
1269 2797 1299 2836 v.
1311 2773 1363 2836 III.

305 2873 480 2939 Ruhnken.
498 2874 674 2960 Epitheton
691 2873 839 2940 εὐίλντον
852 2874 1077 2959 accipiendum
1097 2874 1189 2952 forte,
1207 2875 1293 2959 quod
1302 2873 1364 2961 fo·

303 2986 405 3040 ventes
424 2987 455 3040 et
472 2976 629 3061 propitios
649 2975 752 3039 reddit
772 2974 850 3038 deos.
899 2973 978 3039 Hor.
999 2973 1063 3039 Od.
1080 2974 1145 3053 111,
1159 2976 1213 3038 23.
1232 2977 1286 3040 20.
1297 2976 1363 3059 fur

298 3077 399 3161 pium.
446 3080 490 3142 At
513 3078 547 3140 in
571 3075 746 3140 Ruhnken.
768 3087 847 3140 nota
872 3076 992 3160 reperio
1018 3076 1175 3161 scriptum
1196 3077 1365 3156 εὐήλατον,

304 3177 461 3255 consulto,
475 3199 517 3241 an
533 3199 700 3262 operarum
721 3177 847 3256 mendo,
861 3177 941 3239 mihi
957 3199 1021 3240 non
1037 3176 1366 3243 constat-SCR—

303 3278 489 3364 Legendum
503 3287 583 3365 puto
597 3280 762 3358 εὐήλατον,
777 3279 797 3343 i.
811 3300 838 3343 e.
855 3279 887 3344 εὖ
905 3278 1249 3362 ἀληλεσμένον-ΒΕ.

771 3576 894 3641 LVIII.

425 3769 529 3852 'HiIrt
550 3811 602 3864 τις
622 3772 732 3874 notun}
752 3771 823 3882 Ihm
845 3774 876 3866 ἔς
896 3773 1043 3891 ἁλμυςόν
1064 3771 1237 3875 πὲλαγος.

302 3995 452 4060 Vunsuru
470 3995 515 4058 sIe
531 3995 695 4058 turbatum
710 3995 820 4058 attulit
835 3995 941 4059 Sohol.
958 3995 1106 4082 Apollon.
1124 3997 1188 4060 Rh.
1207 3997 1234 4076 Ι,
1256 3999 1359 4077 1008.,

300 4098 392 4161 verba
408 4095 579 4172 δΰπτοντες
595 4096 734 4181 κεφαλὰς
749 4097 936 4183 explicans:
963 4101 1049 4164 ’AvrI
1065 4107 1121 4164 τοῦ
1135 4098 1285 4175 δύνοντες
1301 4102 1359 4174 τὰς
