2880 4792
271 298 322 367 50
545 318 728 368 marmor:
747 318 796 365 na
817 315 1062 365 surruncno.

278 466 356 531 Deae
371 466 544 544 cecinisse3
568 466 609 530 dc
624 488 691 554 qno
706 487 792 529 rnore
807 465 1040 551 Aristophanes
1056 462 1142 526 Rau.
1155 461 1230 525 381.
1261 460 1340 547 Ἄγε

276 575 335 635 νῦν
347 570 452 653 ῖτῖραν
467 568 575 651 ὓμνων
591 566 688 647 ἰδέαν,
704 571 763 644 τὴν
778 570 985 655 καρποφόρον
999 564 1173 654 βασίλειαν
1190 567 1343 649 Δήμητρα

277 667 352 736 θεὰν
379 672 622 752 ἐπικοσμοῦντες
650 668 775 753 ζαθέαις
801 669 952 752 μολπαῖς,
979 665 1143 734 κελαδεῖτε.
1190 664 1345 750 Orpheus

279 769 399 857 Hymn.
426 769 460 831 in
487 768 596 833 Ceret.
626 768 770 833 Eleusin.
817 770 1020 855 Ἐγκιικλῖοις
1050 765 1152 841 δίναις
1181 772 1254 850 περὶ
1285 767 1346 830 σὸν

280 868 400 959 θρόνον
412 871 578 945 εὐόζονσα.
605 871 755 958 Denique
763 870 989 958 Triptolemus,
1001 869 1120 932 Musaei
1129 890 1221 945 avus,
1230 866 1346 953 paucis

279 981 354 1034 ante
369 970 462 1034 annis
476 971 631 1036 hordeum
647 972 679 1035 in
695 993 808 1059 campo
824 969 949 1035 Rhario
964 967 1148 1034 seminarat„
1185 967 1249 1030 His
1265 989 1347 1052 praa-

280 1071 399 1150 missis,
414 1081 518 1136 totum
532 1071 651 1154 locum,
669 1084 705 1137 ut
723 1073 801 1137 mihi
817 1073 949 1160 quidem
965 1072 1104 1150 videtur,
1119 1067 1219 1155 longe
1236 1090 1346 1132 emen-

280 1173 437 1238 datiorem
472 1195 649 1261 apponam:
685 1197 782 1262 quem
812 1174 1030 1239 Ruhnkenius
1061 1184 1110 1237 tot
1145 1181 1215 1236 tam
1248 1170 1346 1234 foedis

281 1275 416 1339 oraculis
430 1277 685 1342 contaminatum
701 1298 770 1341 esse
785 1276 841 1355 ait,
857 1276 978 1340 nullam
999 1284 1037 1339 ut
1057 1275 1134 1340 inde
1149 1275 1345 1338 sententiam

282 1376 404 1441 elicias.

372 1529 420 1591 Οὐ
434 1532 498 1612 μὴν
513 1526 581 1595 οὐδ’
596 1531 664 1603 ὑιὺς
681 1532 795 1605 Μήνης
811 1529 988 1615 ἀγέραστον
1003 1527 1111 1606 ’ἔθηκεν

416 1635 592 1708 Μουσαῖος,
610 1635 753 1716 Χαρίτων
767 1631 897 1716 ἤρανος,
913 1632 1095 1706 Ἀντιόπην·

366 1728 442 1796 Ἦτε
460 1739 609 1797 ΠΟΛΥΝ
628 1738 875 1797 ΜΥΣΤΗΙΣΙΝ
892 1731 1079 1807 Ἐλευσῖνος
1094 1733 1179 1818 παρὰ
1193 1731 1293 1805 πέζαν

419 1834 569 1917 Εὗασμὸν
584 1839 724 1920 κρυφίων
738 1831 876 1918 ἐξεφόρει
889 1832 1023 1918 λογῖων,
1168 1893 1171 1897 .

379 1942 538 2000 PAPlON
563 1941 786 2001 ΟΡΓΕΙΩΝΑ
813 1941 956 1999 ΝΟΜΩΙ
975 1931 1225 2000 διαποιπνόονσα

418 2043 672 2102 ΔΗΜΗΤΡΟΣ·
697 2037 826 2122 γνωστὴ
843 2032 871 2100 δ’
887 2038 951 2100 ἐστὶ
967 2041 1015 2100 καὶ
1031 2039 1075 2101 εῖν
1092 2031 1175 2121 aliha.

334 2182 546 2246 Antimachus
559 2184 658 2247 tradit
668 2182 816 2247 Cererem
828 2180 1027 2268 Καβόρνοος
1037 2181 1149 2245 fecisse
1162 2185 1351 2268 ὀργειῶνος.

291 2283 474 2371 Hesychius
493 2282 577 2363 τετὸ,
595 2281 772 2370 Κόβιιρνον
788 2287 819 2349 οῖ
835 2294 892 2360 τῆς
908 2287 1077 2369 Δήμητρος
1091 2287 1194 2369 ἱερεῖς.
1242 2282 1352 2356 Quare

289 2385 370 2449 nihil
401 2384 621 2450 emendatione
651 2383 761 2448 nostra
785 2382 1000 2449 verisimilius.
1047 2382 1085 2446 In
1115 2407 1146 2448 v.
1176 2385 1209 2448 3.
1243 2383 1352 2452 πολὺν

288 2491 446 2575 μυστῇσιν
470 2509 527 2573 pro
550 2485 812 2570 πολομνήστησιν
833 2493 900 2548 tam
920 2494 1043 2549 certum
1063 2493 1113 2550 est
1138 2483 1240 2572 qudm
1263 2485 1351 2572 quod

290 2589 513 2655 certissimum.

338 2689 427 2754 Inter
448 2687 586 2776 ἡρωικαῖς
607 2688 774 2774 συμφορὰς
790 2708 872 2772 quas
895 2685 929 2748 in
952 2685 1017 2751 hac
1038 2684 1154 2772 Elegia
1168 2696 1352 2752 narraverat

292 2803 388 2878 poeta
403 2789 635 2878 Colophonius,
651 2787 805 2851 traditum
827 2787 899 2866 fuit,
915 2787 994 2851 satis
1014 2785 1158 2867 ridicule,
1175 2786 1350 2854 Herculem

291 2894 334 2958 ab
361 2891 557 2978 Argonautis
581 2888 599 2953 ὲ
626 2911 707 2953 nave
733 2890 900 2952 detrusum
926 2888 1025 2952 fuisse
1051 2889 1093 2953 ob
1118 2887 1256 2952 nimium
1280 2891 1351 2976 ejus

293 2995 432 3080 pondus,
442 3001 524 3056 teste
536 2991 645 3055 Schol.
658 2990 808 3077 Apollou.
822 2989 931 3053 Rhod.
945 2989 971 3052 l.
987 2990 1081 3054 1289.
1094 2990 1353 3076 Bellerophontis

294 3116 427 3181 quoque
447 3092 644 3155 calamitates
665 3092 709 3155 ibi
731 3100 912 3155 memoratae
934 3092 1074 3170 fuerunt,
1091 3089 1139 3154 uti
1159 3091 1317 3156 discimus
1336 3091 1354 3156 e

297 3195 407 3258 Schol.
424 3193 540 3257 Venet.
561 3193 602 3256 ad
625 3193 717 3256 lliad.
735 3214 765 3256 z.
781 3194 856 3256 200.
904 3191 967 3256 Sed
990 3193 1169 3278 fragmenta
1190 3195 1354 3278 quaedam,

297 3318 401 3384 pauca
416 3295 457 3359 de
473 3294 593 3372 multis,
607 3295 639 3357 in
656 3296 810 3358 lectorum
824 3294 958 3380 gratiam
972 3295 1110 3379 proferre
1125 3293 1214 3374 libet,
1229 3317 1355 3360 necnon

294 3397 481 3463 emaculare.
