2880 4792
183 323 234 390 20
485 339 711 389 ruriniacur
730 338 936 396 aseraule.

184 488 265 552 alter
279 486 451 575 apponitur
465 488 584 576 lyricus
599 498 703 576 poeta,
715 487 836 553 Psecas
849 485 1098 574 cognominatus
1112 505 1133 547 a
1147 486 1244 567 ψέειν,

185 587 273 676 quod
297 588 483 654 disserendo
503 590 666 656 auditores
687 601 784 676 sputo
807 589 939 654 irrorare
964 587 1092 664 soleret,
1113 584 1202 648 idem
1225 604 1243 645 a

185 690 349 755 nonnullis
363 691 495 756 habitus
509 702 622 758 auctor
636 692 767 771 decreti,
782 690 870 781 quod
886 688 1029 768 vetabat,
1048 709 1090 753 ne
1112 707 1189 776 qurs
1210 685 1242 749 in

184 814 281 858 scona
293 793 403 858 Attica
418 794 637 859 nominatima
653 794 795 858 Cornicis
810 791 1065 858 traduceretur*
1112 788 1242 852 Scilicet

186 894 313 960 Chorus
328 895 586 961 Achemensinm
602 895 688 983 apud
704 895 977 982 Aristophanem†
988 892 1089 978 hujus
1102 889 1243 955 nominis

186 1008 313 1084 poetam
329 998 469 1083 graviter
482 1007 678 1077 exsecratur,
691 998 802 1085 ibique
812 1006 934 1062 veteres
944 995 1058 1060 Critici
1068 994 1150 1058 illud
1166 992 1244 1058 affe

187 1110 271 1179 runt,
288 1110 323 1164 ut
338 1122 403 1186 quo
414 1100 524 1165 odium
537 1100 740 1165 Comicorum
751 1100 780 1165 ei
792 1099 988 1165 concitatum
1000 1104 1145 1161 narrant.
1177 1093 1242 1158 Sed

188 1210 224 1264 ut
245 1222 345 1265 unum
367 1223 522 1280 moneam,
538 1202 752 1266 Antimachus
772 1202 811 1280 is,
828 1221 924 1290 quem
948 1198 1186 1285 Aristophanes
1206 1217 1243 1261 eo

186 1302 258 1366 loco
271 1302 465 1388 perstringit,
480 1325 544 1368 non
560 1302 681 1368 Psecas
696 1304 825 1381 dicitur,
843 1301 899 1366 sed
917 1300 1073 1364 Psecadis
1088 1321 1147 1363 seu
1164 1298 1244 1362 Psa-

187 1402 277 1466 cadis
298 1403 404 1482 filius;
444 1427 560 1491 neque,
584 1406 610 1469 si
640 1407 743 1492 major
767 1406 858 1470 nulla
883 1403 1044 1468 dictorum
1066 1401 1244 1465 auctoritas

187 1502 282 1581 adsit,
297 1526 396 1591 quam
412 1505 524 1570 scholii
546 1507 645 1586 illius,
666 1529 686 1571 a
706 1506 809 1571 Suida
828 1502 1147 1589 fideliter-descripti,
1164 1501 1247 1566 satis

187 1605 265 1684 scio,
294 1627 336 1668 an
367 1605 406 1670 iis
437 1607 517 1672 fides
546 1608 657 1673 haberi
687 1630 760 1673 vere
783 1609 919 1695 possit.‡
976 1606 1139 1670 Praeterea
1164 1604 1245 1668 alios

186 1706 284 1771 etiam
304 1707 401 1773 habet
418 1709 548 1788 Suidas,
565 1710 621 1796 qui
637 1710 780 1775 huonon
801 1730 996 1798 magnopere
1016 1706 1194 1794 pertinent,
1211 1705 1246 1769 iu
1314 1760 1316 1765 ⁴

188 1807 240 1872 his
252 1808 353 1890 illum,
363 1810 421 1897 qui
435 1811 466 1874 in
478 1811 627 1876 Nubibus
640 1811 784 1898 ejusdem
794 1811 920 1877 Comici
932 1809 1123 1889 traducitur,
1133 1829 1247 1873 omncs

185 1932 225 1973 cx
242 1911 352 1976 eodem
366 1911 546 1978 Scholiasta
561 1913 707 1999 petitos.§

232 2012 341 2076 Unum
351 2022 459 2077 autem
471 2014 702 2079 Antimachum
714 2016 749 2080 in
759 2014 861 2080 Suida
872 2013 1001 2081 omnino
1010 2011 1247 2090 desideramus,

187 2137 338 2202 eumque,
352 2116 409 2201 qui
425 2116 602 2181 secundum
618 2127 762 2182 nostrum
779 2117 919 2181 maxime
936 2101 1052 2181 nomen
1070 2114 1133 2178 hoc
1153 2113 1247 2177 illus·

186 2215 289 2280 trasse
305 2215 442 2294 videtur,
456 2216 581 2281 Teium.
616 2218 682 2292 Qui
697 2219 774 2284 licet
788 2241 807 2282 a
821 2217 1042 2306 scriptoribuS,
1056 2215 1112 2303 qui
1128 2214 1169 2279 ad
1185 2235 1247 2278 nos

187 2328 410 2404 pervenerunt,
430 2318 532 2382 rarius
557 2319 714 2398 laudetur,
738 2321 877 2386 occurrit
896 2331 1004 2384 tamen
1027 2319 1149 2383 mentio
1173 2318 1247 2404 ejus

186 2419 289 2483 obiter
303 2419 390 2483 facta
402 2421 488 2507 apud
504 2420 727 2501 Plutarchum,
742 2423 878 2509 ejusque
894 2420 1066 2486 mentionis
1083 2420 1165 2485 ratio
1179 2441 1246 2484 non

188 2674 308 2754 reperio,
323 2685 353 2734 et
369 2674 454 2754 plura
468 2684 546 2746 sunt,
565 2694 633 2753 quaa
653 2692 752 2733 versus
773 2672 838 2732 illos
858 2681 956 2731 nostro
974 2669 1132 2743 vindicent,
1153 2669 1182 2728 in
1199 2669 1247 2729 his

189 2779 402 2844 argumentum,
418 2768 607 2846 conjunctum
623 2766 695 2825 illud
707 2786 775 2826 cum
789 2765 941 2825 Thebaicis
956 2764 1052 2835 rebus,
1066 2773 1156 2840 atque
1171 2761 1247 2822 adeo

188 2869 284 2936 poetoe
299 2859 484 2938 Heliopolitae
499 2858 669 2932 obscuritas,
682 2859 790 2938 quippe
800 2858 851 2937 qui
866 2859 904 2916 ab
917 2855 1045 2935 antiquis
1064 2855 1145 2914 haud
1160 2854 1247 2915 facile

188 2962 373 3011 memoratur.

229 3055 245 3087 '¹
266 3059 402 3134 Ψήφισμα
417 3052 487 3112 illud
507 3053 602 3131 tangit
621 3053 735 3113 Petitus
755 3053 811 3113 LL.
827 3053 891 3111 Att.
911 3073 940 3132 p.
960 3055 1026 3112 152.
1041 3053 1089 3113 ed.
1106 3053 1201 3112 Wess.
1217 3061 1249 3111 et

188 3146 264 3204 intra
278 3146 397 3225 Olymp.
412 3147 629 3225 nonagesimam
643 3147 795 3226 septimam
809 3147 920 3206 factum
933 3154 1045 3205 censet.
1082 3146 1123 3205 At
1132 3145 1248 3216 dubito,

189 3258 227 3297 an
249 3237 324 3297 inter
345 3257 404 3312 eos,
424 3239 474 3317 qui
492 3239 596 3298 veteris
620 3238 780 3298 Comoedioe
805 3239 927 3297 formam
950 3235 1155 3311 immutdrunt,
1178 3237 1249 3297 alibi

189 3349 295 3389 nomen
312 3330 479 3390 Antimachi
492 3342 634 3391 occurrat.

230 3444 249 3507 †
271 3435 399 3494 Acharn.
414 3457 441 3496 v.
460 3439 547 3495 1149.
563 3456 627 3516 sqq.

352 3587 539 3669 Ἀντίμαχον,
550 3591 599 3649 τὸν
612 3590 752 3656 luendae,

351 3683 410 3740 Τὸν
423 3685 579 3762 ξυγγραφῆ,
592 3684 641 3743 τὸν
653 3687 759 3763 μελέων
773 3683 822 3742 τὸν
833 3686 948 3753 ποιητήν
959 3707 984 3742 κ.
1000 3688 1029 3740 λ.
1057 3710 1066 3729 ·

231 3868 244 3930 1
268 3859 362 3917 lmrno
377 3861 488 3936 lyricus
502 3869 593 3936 poeta
614 3879 672 3918 non
691 3859 769 3918 omni
786 3858 967 3920 dubitatione
988 3869 1078 3920 caret.
1101 3880 1129 3919 v.
1155 3862 1246 3922 Biset.

190 3951 308 4010 Scholia
321 3950 358 4009 ad
374 3949 521 4029 Aristoph.
538 3951 593 4010 loc.
611 3951 721 4009 Eadem
736 3959 834 4009 tamen
847 3953 985 4031 propinat
999 3953 1082 4012 Suid.
1099 3975 1125 4013 v.
1140 3959 1246 4024 Ψεκάς.

190 4053 219 4101 et
235 4044 359 4122 Diogen.
373 4043 509 4103 Proverb.
525 4043 612 4102 Vlll.
629 4046 677 4103 71.

231 4156 244 4222 ς
268 4149 303 4207 V.
317 4148 463 4229 Aristoph.
477 4149 576 4208 Nubb.
596 4151 682 4209 1018.
698 4158 727 4208 et
742 4147 781 4207 ibi
796 4148 897 4208 Schol.
