2880 4792
300 295 368 364 110
596 317 819 366 Αντιιειιοιιι
842 317 1044 373 curruum.

293 461 458 527 Vocubqu
474 464 565 548 α’φνῶ
581 475 614 528 ct
628 464 824 550 adjectivum
844 464 999 550 α’ρνήμον
1019 463 1137 549 glossis
1152 459 1354 526 accensenda

292 574 380 643 sunt,
397 587 479 650 quas
495 566 528 629 iu
543 566 754 653 scriptoribus
769 566 855 629 haud
874 565 968 630 facile
982 565 1135 651 reperias.

741 964 902 1029 LXXIII.

457 1239 511 1248 —
534 1190 677 1298 Ληχμδν
697 1187 729 1269 ψ’
749 1189 973 1302 ἓμπσῖζετθαι
994 1191 1163 1270 σῖλεεῖναν.

293 1455 389 1518 Iucu!
417 1479 447 1542 p.
468 1456 543 1519 371.
565 1456 587 1518 I.
607 1455 661 1518 2I.
684 1478 711 1518 ν.
736 1456 940 1542 Ἐρεχμός-
952 1458 1107 1542 Διωχμὸν
1129 1453 1283 1540 λέγουσιν
1305 1459 1351 1534 (οἱ

292 1558 433 1633 Αἰολεῖς)
448 1563 496 1622 καὶ
512 1555 652 1642 ληχμὸν,
668 1558 712 1632 ὡς
726 1557 932 1644 Ἀντίμαχος·
957 1558 1093 1643 Ληχμὸν
1108 1586 1134 1622 κ.
1150 1555 1183 1619 λ.
1218 1555 1351 1621 Scilicet

290 1652 398 1730 δίωξις
413 1652 580 1717 mutarunt
594 1653 626 1715 in
642 1651 794 1740 διωχμός,
806 1652 898 1729 λῆξις
913 1653 944 1715 in
958 1653 1097 1740 ληχμός.
1144 1653 1231 1717 Hinc
1242 1663 1351 1740 postc-
1392 1698 1394 1702 ι

290 1756 355 1818 rius
369 1755 509 1841 explicat
527 1753 670 1840 Ilesych.
692 1753 796 1830 λῆξιν.
843 1754 940 1817 Prius
960 1755 1037 1818 alibi
1060 1776 1125 1820 nou
1145 1757 1297 1836 occurrit,
1313 1765 1351 1820 ut

291 1865 379 1941 puto.

761 2126 882 2191 LXIV.

388 2384 390 2388 Ι
422 2405 555 2498 Πλῆσεν
576 2400 608 2482 I’
628 2401 680 2520 ἆρ’
701 2401 929 2520 ἐπιστρέψας
948 2399 1157 2521 δέπαστρον.

290 2667 385 2729 IDEM
409 2687 440 2750 p.
461 2665 536 2728 443.
562 2664 582 2727 I.
604 2667 655 2728 55.
680 2687 708 2728 ν.
732 2668 950 2752 Θαύμακτρον·
975 2669 1067 2752 Παρὰ
1091 2667 1286 2755 Ἀντιμάχῳ,
1309 2674 1347 2737 τὸ

288 2767 423 2844 δεπᾶζισ,
439 2765 625 2853 δέπαστρον·
653 2768 733 2833 οἷον·
764 2765 1126 2854 Πλῆσεν-δέπαστμον,
1157 2771 1233 2856 Οὐχ
1247 2773 1348 2856 ὑγιῶς

288 2874 446 2956 ἐχρήσατο
468 2872 514 2953 τῷ
536 2871 762 2953 σημαινομένῳ·
784 2866 935 2952 ἐθήκαμεν
961 2872 1025 2954 γὰρ
1045 2873 1094 2934 ἐπὶ
1116 2876 1174 2935 τοῦ
1191 2877 1346 2957 ποτηρίου

286 2975 344 3046 τὴν
368 2967 467 3046 λέξιν,
488 2971 525 3035 τὸ
547 2967 773 3053 δεπαζόμενον·
797 2972 894 3045 αὐτὸς
915 2968 947 3036 δὲ
969 2970 1038 3036 ἀντὶ
1059 2976 1115 3036 τοῦ
1137 2968 1346 3052 δεπᾶζοντος,

288 3075 332 3146 ὡς
353 3075 377 3136 εἰ
392 3073 564 3154 πινόμενον
585 3074 694 3156 εἰρήκει
712 3069 782 3137 ἀντὶ
802 3078 858 3136 τοῦ
881 3076 1044 3145 πίνοντος.
1091 3071 1137 3134 Ut
1160 3071 1345 3161 Etymologi

282 3171 445 3256 judicium
460 3192 658 3256 caperemus,
675 3192 757 3257 opus
780 3180 847 3236 erat
862 3171 987 3258 integro
1001 3172 1072 3235 loco
1087 3181 1201 3258 poetae.
1248 3174 1346 3240 Nunc

287 3273 413 3337 videtur
425 3293 487 3335 vox
503 3272 616 3358 utique
633 3271 746 3336 codem
767 3293 862 3336 sensu
884 3273 1001 3359 posita,
1017 3295 1081 3359 quo
1096 3295 1193 3360 supra
1209 3273 1262 3340 Fr.
1280 3276 1343 3341 IX.

287 3373 330 3439 X.
373 3375 591 3460 Ἐτιστράψας
610 3382 660 3437 est
679 3395 736 3458 pro
751 3377 948 3460 ἐπιστρέψας,
963 3374 990 3437 si
1010 3375 1106 3438 modo
1121 3397 1228 3439 veram
1244 3379 1345 3466 scrip·

262 3484 391 3541 ’turam
414 3473 965 3561 habemus.-SCH.-Sylburgius
988 3475 1120 3560 conjicit
1146 3479 1343 3566 ἐπιστρέψας.

285 3682 359 3743 470.
383 3689 536 3765 κρητῆρας
556 3681 763 3762 ἐπεστέψαντο
783 3687 906 3757 ποτοῖο,
929 3677 981 3741 ubi
1002 3686 1117 3741 notatu
1141 3677 1277 3764 dIgnum
1295 3690 1345 3745 cst

286 3781 393 3846 seheri
418 3779 556 3842 indicem
580 3779 729 3842 exhibere
749 3781 986 3864 ἐπιστρέψαντα
1034 3778 1177 3865 Hesych.
1199 3782 1344 3850 Ἐτεστὲ·

285 3886 399 3967 ψαντο,
421 3879 553 3966 πλήρεις
575 3884 735 3957 ἐποίησαν.
781 3880 964 3965 Ἐπιστίψει,
986 3885 1153 3967 κεραννύει.
1200 3881 1344 3950 Ἐπιστε·

285 3991 353 4069 φές,
381 3984 512 4068 πλῆρες.
543 3985 738 4067 κεκραμένον.
790 3979 931 4044 Consule
963 3981 1093 4046 Kuster.
1127 3983 1159 4046 In
1189 3983 1281 4048 Suid.
1312 4008 1342 4048 v.

286 4085 489 4166 Ἐπιστεψέας
516 4091 678 4167 κρητῆρας.
726 4081 818 4145 Iliad.
843 4083 881 4143 Α.
907 4083 959 4145 41.
984 4083 1114 4168 κεφαλαὶ
1143 4082 1174 4150 δὲ
1204 4089 1234 4150 οἱ
1260 4091 1342 4162 ἦσαν
