<?xml version="1.0" encoding="UTF-8"?>
<!DOCTYPE html PUBLIC "-//W3C//DTD XHTML 1.0 Transitional//EN"
    "http://www.w3.org/TR/xhtml1/DTD/xhtml1-transitional.dtd">
<html xmlns="http://www.w3.org/1999/xhtml" xml:lang="en" lang="en">
 <head>
  <title>
</title>
<meta http-equiv="Content-Type" content="text/html;charset=utf-8" />
  <meta name='ocr-system' content='tesseract 3.04.00' />
  <meta name='ocr-capabilities' content='ocr_page ocr_carea ocr_par ocr_line ocrx_word'/>
</head>
<body>
  <div class='ocr_page' id='page_1' title='image "./antimachicoloph00antigoog_0139.png"; bbox 0 0 2880 4792; ppageno 0'>
   <div class='ocr_carea' id='block_1_1' title="bbox 283 285 1029 366">
    <p class='ocr_par' dir='ltr' id='par_1_1' title="bbox 283 285 1029 366">
     <span class='ocr_line' id='line_1_1' title="bbox 283 285 1029 366; baseline 0.004 -12"><span class='ocrx_word' id='word_1_1' title='bbox 283 285 349 355; x_wconf 80' lang='lat'>124</span> <span class='ocrx_word' id='word_1_2' title='bbox 580 311 803 359; x_wconf 73' lang='grc' dir='ltr'>ιιντιιικςιιι</span> <span class='ocrx_word' id='word_1_3' title='bbox 828 309 1029 366; x_wconf 69' lang='lat' dir='ltr'>linitum.</span> 
     </span>
    </p>
   </div>
   <div class='ocr_carea' id='block_1_2' title="bbox 714 801 907 866">
    <p class='ocr_par' dir='ltr' id='par_1_2' title="bbox 714 801 907 866">
     <span class='ocr_line' id='line_1_2' title="bbox 714 801 907 866; baseline 0.005 -1"><span class='ocrx_word' id='word_1_4' title='bbox 714 801 907 866; x_wconf 91' lang='lat' dir='ltr'>LXXVIII.</span> 
     </span>
    </p>
   </div>
   <div class='ocr_carea' id='block_1_3' title="bbox 279 1014 1346 1920">
    <p class='ocr_par' dir='ltr' id='par_1_3' title="bbox 279 1014 1346 1920">
     <span class='ocr_line' id='line_1_3' title="bbox 282 1014 1340 1106; baseline -0.003 -21"><span class='ocrx_word' id='word_1_5' title='bbox 282 1019 520 1104; x_wconf 78' lang='grc' dir='ltr'>Ἐννεᾶμυκλος</span> <span class='ocrx_word' id='word_1_6' title='bbox 539 1023 628 1097; x_wconf 86' lang='grc' dir='ltr'><em>ὄνος,</em></span> <span class='ocrx_word' id='word_1_7' title='bbox 643 1020 728 1106; x_wconf 79' lang='grc' dir='ltr'>παρὰ</span> <span class='ocrx_word' id='word_1_8' title='bbox 745 1020 935 1106; x_wconf 80' lang='grc' dir='ltr'>Ἀντιμάχῳ.</span> <span class='ocrx_word' id='word_1_9' title='bbox 977 1017 1080 1085; x_wconf 87' lang='grc' dir='ltr'>Ὄνου</span> <span class='ocrx_word' id='word_1_10' title='bbox 1100 1016 1216 1103; x_wconf 79' lang='grc' dir='ltr'>μῦκλιιι</span> <span class='ocrx_word' id='word_1_11' title='bbox 1237 1014 1269 1083; x_wconf 76' lang='grc' dir='ltr'>δὲ</span> <span class='ocrx_word' id='word_1_12' title='bbox 1290 1016 1340 1082; x_wconf 93' lang='grc' dir='ltr'>λ·</span> 
     </span>
     <span class='ocr_line' id='line_1_4' title="bbox 281 1119 1340 1208; baseline -0.006 -21"><span class='ocrx_word' id='word_1_13' title='bbox 281 1150 394 1208; x_wconf 84' lang='grc' dir='ltr'>γονται</span> <span class='ocrx_word' id='word_1_14' title='bbox 411 1126 442 1187; x_wconf 80' lang='lat' dir='ltr'>ul</span> <span class='ocrx_word' id='word_1_15' title='bbox 464 1127 580 1197; x_wconf 80' lang='grc' dir='ltr'>ἐντοῖς</span> <span class='ocrx_word' id='word_1_16' title='bbox 595 1121 716 1189; x_wconf 79' lang='grc' dir='ltr'>σκέλεσι</span> <span class='ocrx_word' id='word_1_17' title='bbox 731 1125 796 1187; x_wconf 82' lang='grc' dir='ltr'>τῶν</span> <span class='ocrx_word' id='word_1_18' title='bbox 818 1123 905 1187; x_wconf 85' lang='grc' dir='ltr'><strong><em>ὄνων</em></strong></span> <span class='ocrx_word' id='word_1_19' title='bbox 919 1124 1120 1208; x_wconf 71' lang='grc' dir='ltr'>περιγρσφσί.</span> <span class='ocrx_word' id='word_1_20' title='bbox 1168 1119 1340 1182; x_wconf 84' lang='lat' dir='ltr'>Herodian.</span> 
     </span>
     <span class='ocr_line' id='line_1_5' title="bbox 282 1221 1339 1311; baseline -0.002 -26"><span class='ocrx_word' id='word_1_21' title='bbox 282 1223 443 1288; x_wconf 85' lang='lat' dir='ltr'>Philetaer.</span> <span class='ocrx_word' id='word_1_22' title='bbox 457 1247 490 1311; x_wconf 93' lang='lat' dir='ltr'>p.</span> <span class='ocrx_word' id='word_1_23' title='bbox 505 1224 578 1288; x_wconf 82' lang='lat'><strong>439.</strong></span> <span class='ocrx_word' id='word_1_24' title='bbox 601 1222 710 1287; x_wconf 80' lang='lat' dir='ltr'>libello</span> <span class='ocrx_word' id='word_1_25' title='bbox 731 1245 750 1285; x_wconf 91' lang='lat' dir='ltr'>a</span> <span class='ocrx_word' id='word_1_26' title='bbox 774 1222 927 1287; x_wconf 83' lang='lat' dir='ltr'>Piersono</span> <span class='ocrx_word' id='word_1_27' title='bbox 949 1231 1022 1308; x_wconf 83' lang='lat' dir='ltr'>post</span> <span class='ocrx_word' id='word_1_28' title='bbox 1047 1221 1178 1285; x_wconf 85' lang='lat' dir='ltr'>Moerid.</span> <span class='ocrx_word' id='word_1_29' title='bbox 1202 1221 1339 1307; x_wconf 92' lang='lat' dir='ltr'>primum</span> 
     </span>
     <span class='ocr_line' id='line_1_6' title="bbox 279 1321 1339 1410; baseline -0.001 -26"><span class='ocrx_word' id='word_1_30' title='bbox 279 1323 420 1410; x_wconf 86' lang='lat' dir='ltr'>vulgato.</span> <span class='ocrx_word' id='word_1_31' title='bbox 467 1323 589 1388; x_wconf 84' lang='lat' dir='ltr'>Eadem</span> <span class='ocrx_word' id='word_1_32' title='bbox 606 1324 702 1388; x_wconf 81' lang='lat' dir='ltr'>verba</span> <span class='ocrx_word' id='word_1_33' title='bbox 722 1323 763 1387; x_wconf 86' lang='lat' dir='ltr'>ab</span> <span class='ocrx_word' id='word_1_34' title='bbox 782 1323 853 1387; x_wconf 82' lang='lat' dir='ltr'>aliis</span> <span class='ocrx_word' id='word_1_35' title='bbox 874 1323 1061 1387; x_wconf 84' lang='lat' dir='ltr'>tribuuntur</span> <span class='ocrx_word' id='word_1_36' title='bbox 1079 1321 1281 1385; x_wconf 82' lang='lat' dir='ltr'>Callimacho</span> <span class='ocrx_word' id='word_1_37' title='bbox 1296 1325 1339 1400; x_wconf 92' lang='lat' dir='ltr'>(v.</span> 
     </span>
     <span class='ocr_line' id='line_1_7' title="bbox 283 1423 1344 1512; baseline -0.001 -24"><span class='ocrx_word' id='word_1_38' title='bbox 283 1423 442 1510; x_wconf 82' lang='lat' dir='ltr'>Fragnim.</span> <span class='ocrx_word' id='word_1_39' title='bbox 459 1425 568 1489; x_wconf 85' lang='lat' dir='ltr'>Bentl.</span> <span class='ocrx_word' id='word_1_40' title='bbox 589 1426 660 1490; x_wconf 89' lang='lat'><strong>180.</strong></span> <span class='ocrx_word' id='word_1_41' title='bbox 681 1449 715 1512; x_wconf 91' lang='lat' dir='ltr'>p.</span> <span class='ocrx_word' id='word_1_42' title='bbox 732 1427 834 1504; x_wconf 84' lang='lat'><strong>509.),</strong></span> <span class='ocrx_word' id='word_1_43' title='bbox 851 1434 889 1488; x_wconf 87' lang='lat' dir='ltr'>ut</span> <span class='ocrx_word' id='word_1_44' title='bbox 903 1425 1043 1489; x_wconf 85' lang='lat' dir='ltr'>solennis</span> <span class='ocrx_word' id='word_1_45' title='bbox 1062 1424 1116 1489; x_wconf 91' lang='lat' dir='ltr'>hic</span> <span class='ocrx_word' id='word_1_46' title='bbox 1134 1425 1273 1488; x_wconf 86' lang='lat' dir='ltr'>duorum</span> <span class='ocrx_word' id='word_1_47' title='bbox 1288 1445 1344 1487; x_wconf 90' lang='lat' dir='ltr'>no·</span> 
     </span>
     <span class='ocr_line' id='line_1_8' title="bbox 280 1526 1345 1605; baseline 0 -15"><span class='ocrx_word' id='word_1_48' title='bbox 280 1527 404 1590; x_wconf 84' lang='lat' dir='ltr'>minum</span> <span class='ocrx_word' id='word_1_49' title='bbox 429 1527 575 1592; x_wconf 82' lang='lat' dir='ltr'>conlusio</span> <span class='ocrx_word' id='word_1_50' title='bbox 598 1528 686 1593; x_wconf 81' lang='lat' dir='ltr'>facta</span> <span class='ocrx_word' id='word_1_51' title='bbox 706 1528 862 1591; x_wconf 84' lang='lat' dir='ltr'>videatur.</span> <span class='ocrx_word' id='word_1_52' title='bbox 908 1527 953 1589; x_wconf 88' lang='lat' dir='ltr'>At</span> <span class='ocrx_word' id='word_1_53' title='bbox 973 1549 1047 1590; x_wconf 85' lang='lat' dir='ltr'>vero</span> <span class='ocrx_word' id='word_1_54' title='bbox 1070 1548 1135 1589; x_wconf 92' lang='lat' dir='ltr'>non</span> <span class='ocrx_word' id='word_1_55' title='bbox 1158 1526 1264 1605; x_wconf 87' lang='lat' dir='ltr'>video,</span> <span class='ocrx_word' id='word_1_56' title='bbox 1286 1547 1345 1590; x_wconf 86' lang='lat' dir='ltr'>cur</span> 
     </span>
     <span class='ocr_line' id='line_1_9' title="bbox 280 1627 1342 1716; baseline -0.001 -25"><span class='ocrx_word' id='word_1_57' title='bbox 280 1650 344 1691; x_wconf 90' lang='lat' dir='ltr'>noo</span> <span class='ocrx_word' id='word_1_58' title='bbox 357 1638 431 1693; x_wconf 85' lang='lat' dir='ltr'>ante</span> <span class='ocrx_word' id='word_1_59' title='bbox 440 1629 677 1694; x_wconf 78' lang='lat' dir='ltr'><strong>Callimachum</strong></span> <span class='ocrx_word' id='word_1_60' title='bbox 691 1639 784 1716; x_wconf 79' lang='lat' dir='ltr'>poeta</span> <span class='ocrx_word' id='word_1_61' title='bbox 796 1628 915 1716; x_wconf 84' lang='lat' dir='ltr'>aliquis</span> <span class='ocrx_word' id='word_1_62' title='bbox 928 1628 1011 1692; x_wconf 89' lang='lat' dir='ltr'>idem</span> <span class='ocrx_word' id='word_1_63' title='bbox 1021 1627 1197 1714; x_wconf 83' lang='lat' dir='ltr'>epitheton,</span> <span class='ocrx_word' id='word_1_64' title='bbox 1208 1628 1342 1691; x_wconf 86' lang='lat' dir='ltr'>doctum</span> 
     </span>
     <span class='ocr_line' id='line_1_10' title="bbox 283 1729 1346 1819; baseline -0.002 -25"><span class='ocrx_word' id='word_1_65' title='bbox 283 1740 315 1794; x_wconf 83' lang='lat' dir='ltr'>et</span> <span class='ocrx_word' id='word_1_66' title='bbox 329 1731 492 1816; x_wconf 89' lang='lat' dir='ltr'>poeticum</span> <span class='ocrx_word' id='word_1_67' title='bbox 514 1732 666 1797; x_wconf 84' lang='lat' dir='ltr'>adhibere</span> <span class='ocrx_word' id='word_1_68' title='bbox 681 1731 846 1819; x_wconf 77' lang='lat' dir='ltr'>potuerit5</span> <span class='ocrx_word' id='word_1_69' title='bbox 870 1730 1015 1816; x_wconf 88' lang='lat' dir='ltr'><strong>adeoque</strong></span> <span class='ocrx_word' id='word_1_70' title='bbox 1035 1729 1115 1792; x_wconf 84' lang='lat' dir='ltr'>nihil</span> <span class='ocrx_word' id='word_1_71' title='bbox 1135 1729 1214 1792; x_wconf 81' lang='lat' dir='ltr'>corti</span> <span class='ocrx_word' id='word_1_72' title='bbox 1231 1729 1346 1793; x_wconf 89' lang='lat' dir='ltr'>defini·</span> 
     </span>
     <span class='ocr_line' id='line_1_11' title="bbox 283 1831 1345 1920; baseline 0.002 -24"><span class='ocrx_word' id='word_1_73' title='bbox 283 1833 402 1904; x_wconf 87' lang='lat' dir='ltr'>endum</span> <span class='ocrx_word' id='word_1_74' title='bbox 417 1834 555 1897; x_wconf 83' lang='lat' dir='ltr'>credam.</span> <span class='ocrx_word' id='word_1_75' title='bbox 592 1833 734 1919; x_wconf 89' lang='lat' dir='ltr'>Hesych.</span> <span class='ocrx_word' id='word_1_76' title='bbox 748 1833 887 1920; x_wconf 81' lang='lat' dir='ltr'>explicat</span> <span class='ocrx_word' id='word_1_77' title='bbox 904 1831 1052 1904; x_wconf 77' lang='grc' dir='ltr'>Μιίκλοι·Ι</span> <span class='ocrx_word' id='word_1_78' title='bbox 1066 1835 1096 1896; x_wconf 83' lang='lat' dir='ltr'>oi</span> <span class='ocrx_word' id='word_1_79' title='bbox 1111 1837 1184 1918; x_wconf 78' lang='grc' dir='ltr'>περὶ</span> <span class='ocrx_word' id='word_1_80' title='bbox 1199 1833 1238 1898; x_wconf 83' lang='grc' dir='ltr'>τὰ</span> <span class='ocrx_word' id='word_1_81' title='bbox 1251 1831 1345 1908; x_wconf 78' lang='grc' dir='ltr'>σκέλη</span> 
     </span>
    </p>
   </div>
   <div class='ocr_carea' id='block_1_4' title="bbox 281 1932 1346 2123">
    <p class='ocr_par' dir='ltr' id='par_1_4' title="bbox 281 1932 1346 2123">
     <span class='ocr_line' id='line_1_12' title="bbox 281 1932 1345 2019; baseline -0.003 -19"><span class='ocrx_word' id='word_1_82' title='bbox 281 1939 331 2000; x_wconf 73' lang='grc' dir='ltr'>καὶ</span> <span class='ocrx_word' id='word_1_83' title='bbox 352 1939 385 2002; x_wconf 80' lang='grc' dir='ltr'>ἐν</span> <span class='ocrx_word' id='word_1_84' title='bbox 403 1945 472 2010; x_wconf 81' lang='grc' dir='ltr'>τοῖς</span> <span class='ocrx_word' id='word_1_85' title='bbox 492 1941 569 2002; x_wconf 83' lang='grc' dir='ltr'>ποσὶ</span> <span class='ocrx_word' id='word_1_86' title='bbox 591 1942 639 2002; x_wconf 76' lang='grc' dir='ltr'>καὶ</span> <span class='ocrx_word' id='word_1_87' title='bbox 654 1939 704 2001; x_wconf 83' lang='grc' dir='ltr'>ε’πὶ</span> <span class='ocrx_word' id='word_1_88' title='bbox 721 1937 822 2000; x_wconf 81' lang='grc' dir='ltr'>νώτου</span> <span class='ocrx_word' id='word_1_89' title='bbox 843 1938 908 2000; x_wconf 81' lang='grc' dir='ltr'>τῶν</span> <span class='ocrx_word' id='word_1_90' title='bbox 930 1935 1016 2000; x_wconf 86' lang='grc' dir='ltr'>ὄνων</span> <span class='ocrx_word' id='word_1_91' title='bbox 1034 1932 1177 2017; x_wconf 73' lang='grc' dir='ltr'>μέλαιναι</span> <span class='ocrx_word' id='word_1_92' title='bbox 1191 1939 1345 2019; x_wconf 79' lang='grc' dir='ltr'><strong>γραμμαί.</strong></span> 
     </span>
     <span class='ocr_line' id='line_1_13' title="bbox 283 2035 1346 2123; baseline 0 -25"><span class='ocrx_word' id='word_1_93' title='bbox 283 2035 337 2098; x_wconf 83' lang='lat' dir='ltr'>Ex</span> <span class='ocrx_word' id='word_1_94' title='bbox 365 2035 478 2099; x_wconf 85' lang='lat' dir='ltr'>harum</span> <span class='ocrx_word' id='word_1_95' title='bbox 503 2038 659 2100; x_wconf 84' lang='lat' dir='ltr'>linearum</span> <span class='ocrx_word' id='word_1_96' title='bbox 684 2060 739 2101; x_wconf 89' lang='lat' dir='ltr'>seu</span> <span class='ocrx_word' id='word_1_97' title='bbox 769 2057 921 2123; x_wconf 86' lang='lat' dir='ltr'>rugarum</span> <span class='ocrx_word' id='word_1_98' title='bbox 946 2056 1080 2098; x_wconf 87' lang='lat' dir='ltr'>numero</span> <span class='ocrx_word' id='word_1_99' title='bbox 1105 2046 1184 2097; x_wconf 75' lang='lat' dir='ltr'>atas</span> <span class='ocrx_word' id='word_1_100' title='bbox 1208 2035 1289 2098; x_wconf 87' lang='lat' dir='ltr'>forte</span> <span class='ocrx_word' id='word_1_101' title='bbox 1314 2035 1346 2098; x_wconf 91' lang='lat' dir='ltr'>iu</span> 
     </span>
    </p>
   </div>
   <div class='ocr_carea' id='block_1_5' title="bbox 281 2135 1346 2327">
    <p class='ocr_par' dir='ltr' id='par_1_5' title="bbox 281 2135 1346 2327">
     <span class='ocr_line' id='line_1_14' title="bbox 281 2135 1346 2224; baseline 0.001 -26"><span class='ocrx_word' id='word_1_102' title='bbox 281 2136 381 2199; x_wconf 86' lang='lat' dir='ltr'>asinis</span> <span class='ocrx_word' id='word_1_103' title='bbox 404 2138 663 2223; x_wconf 81' lang='lat' dir='ltr'>dignoscebatur,</span> <span class='ocrx_word' id='word_1_104' title='bbox 685 2148 720 2203; x_wconf 83' lang='lat' dir='ltr'>ut</span> <span class='ocrx_word' id='word_1_105' title='bbox 746 2137 858 2224; x_wconf 84' lang='lat' dir='ltr'>steph.</span> <span class='ocrx_word' id='word_1_106' title='bbox 879 2138 925 2201; x_wconf 88' lang='lat' dir='ltr'>ait</span> <span class='ocrx_word' id='word_1_107' title='bbox 949 2137 990 2200; x_wconf 88' lang='lat' dir='ltr'>ad</span> <span class='ocrx_word' id='word_1_108' title='bbox 1016 2135 1159 2222; x_wconf 86' lang='lat' dir='ltr'>Hesyoh.</span> <span class='ocrx_word' id='word_1_109' title='bbox 1184 2137 1346 2223; x_wconf 66' lang='lat' dir='ltr'>glossam</span> 
     </span>
     <span class='ocr_line' id='line_1_15' title="bbox 282 2236 856 2327; baseline -0.003 -24"><span class='ocrx_word' id='word_1_110' title='bbox 282 2236 518 2321; x_wconf 81' lang='grc' dir='ltr'>Ἐννεᾶμνκλος</span> <span class='ocrx_word' id='word_1_111' title='bbox 534 2242 681 2327; x_wconf 72' lang='grc' dir='ltr'>ἰσχυρὸς,</span> <span class='ocrx_word' id='word_1_112' title='bbox 697 2242 856 2321; x_wconf 72' lang='grc' dir='ltr'>ἐνναετής.</span> 
     </span>
    </p>
   </div>
   <div class='ocr_carea' id='block_1_6' title="bbox 737 2662 896 2725">
    <p class='ocr_par' dir='ltr' id='par_1_6' title="bbox 737 2662 896 2725">
     <span class='ocr_line' id='line_1_16' title="bbox 737 2662 896 2725; baseline 0.006 -1"><span class='ocrx_word' id='word_1_113' title='bbox 737 2662 896 2725; x_wconf 84' lang='lat' dir='ltr'>LXXIX.</span> 
     </span>
    </p>
   </div>
   <div class='ocr_carea' id='block_1_7' title="bbox 280 2875 1354 3880">
    <p class='ocr_par' dir='ltr' id='par_1_7' title="bbox 280 2875 1354 3880">
     <span class='ocr_line' id='line_1_17' title="bbox 284 2875 1350 2966; baseline 0 -23"><span class='ocrx_word' id='word_1_114' title='bbox 284 2877 418 2943; x_wconf 72' lang='lat' dir='ltr'><strong>STEPH.</strong></span> <span class='ocrx_word' id='word_1_115' title='bbox 451 2878 538 2943; x_wconf 73' lang='lat' dir='ltr'>BYn.</span> <span class='ocrx_word' id='word_1_116' title='bbox 573 2879 781 2966; x_wconf 72' lang='grc' dir='ltr'>Ἀμφιγένεια,</span> <span class='ocrx_word' id='word_1_117' title='bbox 805 2879 903 2954; x_wconf 83' lang='grc' dir='ltr'>πόλις</span> <span class='ocrx_word' id='word_1_118' title='bbox 935 2881 1147 2954; x_wconf 82' lang='grc' dir='ltr'>Μεσσηνιακή·</span> <span class='ocrx_word' id='word_1_119' title='bbox 1188 2875 1350 2962; x_wconf 79' lang='grc' dir='ltr'>Στράβων</span> 
     </span>
     <span class='ocr_line' id='line_1_18' title="bbox 285 2979 1350 3068; baseline -0.002 -21"><span class='ocrx_word' id='word_1_120' title='bbox 285 2980 396 3068; x_wconf 71' lang='grc' dir='ltr'><em>ὀγδόῃ·</em></span> <span class='ocrx_word' id='word_1_121' title='bbox 417 2981 510 3047; x_wconf 86' lang='grc' dir='ltr'>Ἔστι</span> <span class='ocrx_word' id='word_1_122' title='bbox 525 2979 556 3048; x_wconf 75' lang='lat' dir='ltr'>di</span> <span class='ocrx_word' id='word_1_123' title='bbox 573 2983 648 3047; x_wconf 86' lang='grc' dir='ltr'>κατὰ</span> <span class='ocrx_word' id='word_1_124' title='bbox 663 2986 720 3065; x_wconf 74' lang='grc' dir='ltr'>μὲν</span> <span class='ocrx_word' id='word_1_125' title='bbox 737 2979 992 3066; x_wconf 72' lang='grc' dir='ltr'>Ἀπολλόδωρον</span> <span class='ocrx_word' id='word_1_126' title='bbox 1003 2990 1060 3056; x_wconf 81' lang='grc' dir='ltr'>τῆς</span> <span class='ocrx_word' id='word_1_127' title='bbox 1072 2985 1259 3058; x_wconf 79' lang='grc' dir='ltr'>Μακιστίας,</span> <span class='ocrx_word' id='word_1_128' title='bbox 1274 2982 1350 3046; x_wconf 81' lang='grc' dir='ltr'>κατὰ</span> 
     </span>
     <span class='ocr_line' id='line_1_19' title="bbox 286 3079 1351 3170; baseline -0.002 -22"><span class='ocrx_word' id='word_1_129' title='bbox 286 3079 317 3149; x_wconf 72' lang='grc' dir='ltr'>δὲ</span> <span class='ocrx_word' id='word_1_130' title='bbox 332 3086 390 3150; x_wconf 80' lang='grc' dir='ltr'>τὸν</span> <span class='ocrx_word' id='word_1_131' title='bbox 407 3085 604 3170; x_wconf 70' lang='grc' dir='ltr'>Ἀντίμαχον</span> <span class='ocrx_word' id='word_1_132' title='bbox 619 3092 675 3162; x_wconf 82' lang='grc' dir='ltr'>τῆς</span> <span class='ocrx_word' id='word_1_133' title='bbox 691 3087 885 3159; x_wconf 76' lang='grc' dir='ltr'>Μεσσηνίας.</span> <span class='ocrx_word' id='word_1_134' title='bbox 918 3082 1013 3168; x_wconf 86' lang='grc' dir='ltr'>Ἔχει</span> <span class='ocrx_word' id='word_1_135' title='bbox 1027 3079 1059 3147; x_wconf 75' lang='grc' dir='ltr'>δὲ</span> <span class='ocrx_word' id='word_1_136' title='bbox 1075 3083 1094 3158; x_wconf 84' lang='grc' dir='ltr'>ἡ</span> <span class='ocrx_word' id='word_1_137' title='bbox 1110 3081 1208 3156; x_wconf 82' lang='grc' dir='ltr'>πόλις</span> <span class='ocrx_word' id='word_1_138' title='bbox 1223 3090 1351 3158; x_wconf 83' lang='grc' dir='ltr'>Λητοῦς</span> 
     </span>
     <span class='ocr_line' id='line_1_20' title="bbox 287 3184 1354 3273; baseline 0 -24"><span class='ocrx_word' id='word_1_139' title='bbox 287 3188 383 3271; x_wconf 75' lang='grc' dir='ltr'>ἱερόν·</span> <span class='ocrx_word' id='word_1_140' title='bbox 407 3190 484 3271; x_wconf 78' lang='grc' dir='ltr'>φασὶ</span> <span class='ocrx_word' id='word_1_141' title='bbox 499 3188 563 3273; x_wconf 82' lang='grc' dir='ltr'>γὰρ</span> <span class='ocrx_word' id='word_1_142' title='bbox 579 3189 637 3252; x_wconf 81' lang='grc' dir='ltr'>ἐκεῖ</span> <span class='ocrx_word' id='word_1_143' title='bbox 650 3189 910 3272; x_wconf 76' lang='grc' dir='ltr'>παραγενομένην</span> <span class='ocrx_word' id='word_1_144' title='bbox 929 3187 1023 3262; x_wconf 80' lang='grc' dir='ltr'>Λητὼ</span> <span class='ocrx_word' id='word_1_145' title='bbox 1043 3194 1140 3252; x_wconf 83' lang='grc' dir='ltr'>τεκεῖν</span> <span class='ocrx_word' id='word_1_146' title='bbox 1157 3186 1216 3250; x_wconf 85' lang='grc' dir='ltr'>τὸν</span> <span class='ocrx_word' id='word_1_147' title='bbox 1230 3184 1354 3250; x_wconf 85' lang='grc' dir='ltr'>Ἀπόλ-</span> 
     </span>
     <span class='ocr_line' id='line_1_21' title="bbox 286 3284 1350 3373; baseline -0.002 -23"><span class='ocrx_word' id='word_1_148' title='bbox 286 3284 386 3352; x_wconf 86' lang='grc' dir='ltr'>λωνσ.</span> <span class='ocrx_word' id='word_1_149' title='bbox 410 3287 664 3373; x_wconf 83' lang='lat' dir='ltr'>Amphigeniam·</span> <span class='ocrx_word' id='word_1_150' title='bbox 675 3287 831 3351; x_wconf 83' lang='lat' dir='ltr'>habemus</span> <span class='ocrx_word' id='word_1_151' title='bbox 846 3287 880 3349; x_wconf 91' lang='lat' dir='ltr'>in</span> <span class='ocrx_word' id='word_1_152' title='bbox 892 3286 1026 3350; x_wconf 87' lang='lat' dir='ltr'>urbibus</span> <span class='ocrx_word' id='word_1_153' title='bbox 1040 3284 1196 3349; x_wconf 85' lang='lat' dir='ltr'>Nestoreo</span> <span class='ocrx_word' id='word_1_154' title='bbox 1212 3284 1350 3370; x_wconf 89' lang='lat' dir='ltr'>imperio</span> 
     </span>
     <span class='ocr_line' id='line_1_22' title="bbox 287 3386 1353 3475; baseline -0.001 -25"><span class='ocrx_word' id='word_1_155' title='bbox 287 3387 443 3473; x_wconf 83' lang='lat' dir='ltr'>subjectis</span> <span class='ocrx_word' id='word_1_156' title='bbox 461 3386 500 3451; x_wconf 89' lang='lat' dir='ltr'>Il.</span> <span class='ocrx_word' id='word_1_157' title='bbox 515 3387 553 3475; x_wconf 82' lang='grc' dir='ltr'>β.</span> <span class='ocrx_word' id='word_1_158' title='bbox 571 3390 659 3468; x_wconf 84' lang='grc'><strong>593.,</strong></span> <span class='ocrx_word' id='word_1_159' title='bbox 678 3389 764 3452; x_wconf 90' lang='lat' dir='ltr'>unde</span> <span class='ocrx_word' id='word_1_160' title='bbox 784 3388 1001 3475; x_wconf 87' lang='lat' dir='ltr'>Apollodorus</span> <span class='ocrx_word' id='word_1_161' title='bbox 1022 3387 1062 3451; x_wconf 91' lang='lat' dir='ltr'>de</span> <span class='ocrx_word' id='word_1_162' title='bbox 1082 3407 1120 3450; x_wconf 86' lang='lat' dir='ltr'>ea</span> <span class='ocrx_word' id='word_1_163' title='bbox 1140 3386 1173 3448; x_wconf 91' lang='lat' dir='ltr'>in</span> <span class='ocrx_word' id='word_1_164' title='bbox 1188 3407 1353 3449; x_wconf 88' lang='lat' dir='ltr'>commen-</span> 
     </span>
     <span class='ocr_line' id='line_1_23' title="bbox 287 3484 1349 3576; baseline -0.003 -23"><span class='ocrx_word' id='word_1_165' title='bbox 287 3489 367 3553; x_wconf 81' lang='lat' dir='ltr'>tarIo</span> <span class='ocrx_word' id='word_1_166' title='bbox 382 3490 422 3552; x_wconf 87' lang='lat' dir='ltr'>ad</span> <span class='ocrx_word' id='word_1_167' title='bbox 439 3489 631 3576; x_wconf 82' lang='lat' dir='ltr'>Catalogum</span> <span class='ocrx_word' id='word_1_168' title='bbox 648 3489 769 3554; x_wconf 85' lang='lat' dir='ltr'>dixisse</span> <span class='ocrx_word' id='word_1_169' title='bbox 782 3489 880 3554; x_wconf 81' lang='lat' dir='ltr'>videri</span> <span class='ocrx_word' id='word_1_170' title='bbox 896 3498 1012 3576; x_wconf 84' lang='lat' dir='ltr'>potest.</span> <span class='ocrx_word' id='word_1_171' title='bbox 1058 3487 1164 3551; x_wconf 81' lang='lat' dir='ltr'>Locus</span> <span class='ocrx_word' id='word_1_172' title='bbox 1180 3484 1349 3550; x_wconf 86' lang='lat' dir='ltr'>Strabonis</span> 
     </span>
     <span class='ocr_line' id='line_1_24' title="bbox 280 3588 1349 3678; baseline -0.003 -24"><span class='ocrx_word' id='word_1_173' title='bbox 280 3591 351 3676; x_wconf 86' lang='lat' dir='ltr'>jam</span> <span class='ocrx_word' id='word_1_174' title='bbox 367 3591 407 3654; x_wconf 87' lang='lat' dir='ltr'>ad</span> <span class='ocrx_word' id='word_1_175' title='bbox 424 3590 535 3678; x_wconf 79' lang='lat' dir='ltr'>steph.</span> <span class='ocrx_word' id='word_1_176' title='bbox 554 3590 635 3678; x_wconf 88' lang='lat' dir='ltr'><strong>Byz.</strong></span> <span class='ocrx_word' id='word_1_177' title='bbox 652 3591 827 3670; x_wconf 83' lang='lat' dir='ltr'>excitatus,</span> <span class='ocrx_word' id='word_1_178' title='bbox 848 3591 967 3677; x_wconf 84' lang='lat' dir='ltr'>legitur</span> <span class='ocrx_word' id='word_1_179' title='bbox 980 3588 1078 3668; x_wconf 91' lang='lat' dir='ltr'>VIII,</span> <span class='ocrx_word' id='word_1_180' title='bbox 1093 3611 1126 3675; x_wconf 91' lang='lat' dir='ltr'>p.</span> <span class='ocrx_word' id='word_1_181' title='bbox 1144 3589 1221 3652; x_wconf 87' lang='grc'><strong>349.</strong></span> <span class='ocrx_word' id='word_1_182' title='bbox 1239 3590 1349 3669; x_wconf 80' lang='grc'>(637.)</span> 
     </span>
     <span class='ocr_line' id='line_1_25' title="bbox 287 3687 1350 3779; baseline -0.001 -25"><span class='ocrx_word' id='word_1_183' title='bbox 287 3692 384 3777; x_wconf 91' lang='lat' dir='ltr'>Apud</span> <span class='ocrx_word' id='word_1_184' title='bbox 401 3689 482 3754; x_wconf 80' lang='lat' dir='ltr'><strong>Stat.</strong></span> <span class='ocrx_word' id='word_1_185' title='bbox 498 3692 598 3755; x_wconf 87' lang='lat' dir='ltr'>Theb.</span> <span class='ocrx_word' id='word_1_186' title='bbox 613 3693 649 3777; x_wconf 87' lang='lat' dir='ltr'>in</span> <span class='ocrx_word' id='word_1_187' title='bbox 664 3692 822 3778; x_wconf 84' lang='lat' dir='ltr'>Catalogo</span> <span class='ocrx_word' id='word_1_188' title='bbox 837 3692 1003 3779; x_wconf 88' lang='lat' dir='ltr'>copiarum</span> <span class='ocrx_word' id='word_1_189' title='bbox 1020 3690 1080 3769; x_wconf 85' lang='lat' dir='ltr'>IV,</span> <span class='ocrx_word' id='word_1_190' title='bbox 1096 3691 1167 3756; x_wconf 88' lang='lat'><strong>178.</strong></span> <span class='ocrx_word' id='word_1_191' title='bbox 1200 3687 1350 3774; x_wconf 83' lang='lat' dir='ltr'>Capaneo</span> 
     </span>
     <span class='ocr_line' id='line_1_26' title="bbox 280 3790 1315 3880; baseline -0.002 -23"><span class='ocrx_word' id='word_1_192' title='bbox 280 3815 395 3878; x_wconf 81' lang='lat' dir='ltr'><em>parere</em></span> <span class='ocrx_word' id='word_1_193' title='bbox 410 3793 489 3872; x_wconf 76' lang='lat' dir='ltr'>dati,</span> <span class='ocrx_word' id='word_1_194' title='bbox 504 3816 579 3879; x_wconf 81' lang='lat' dir='ltr'>quos</span> <span class='ocrx_word' id='word_1_195' title='bbox 581 3793 709 3880; x_wconf 82' lang='lat' dir='ltr'>fertilis</span> <span class='ocrx_word' id='word_1_196' title='bbox 724 3795 827 3859; x_wconf 82' lang='lat' dir='ltr'>nutrit</span> <span class='ocrx_word' id='word_1_197' title='bbox 844 3792 1069 3880; x_wconf 81' lang='lat' dir='ltr'>Amphz&#39;genio,</span> <span class='ocrx_word' id='word_1_198' title='bbox 1083 3791 1137 3855; x_wconf 92' lang='lat' dir='ltr'>ubi</span> <span class='ocrx_word' id='word_1_199' title='bbox 1153 3814 1183 3855; x_wconf 85' lang='lat' dir='ltr'>v.</span> <span class='ocrx_word' id='word_1_200' title='bbox 1199 3790 1315 3855; x_wconf 81' lang='lat' dir='ltr'>Barth.</span> 
     </span>
    </p>
   </div>
   <div class='ocr_carea' id='block_1_8' title="bbox 0 0 1445 4792">
    <p class='ocr_par' dir='ltr' id='par_1_8' title="bbox 0 0 1445 4792">
     <span class='ocr_line' id='line_1_27' title="bbox 0 0 1445 4792; baseline 0 0"><span class='ocrx_word' id='word_1_201' title='bbox 0 0 1445 4792; x_wconf 95' lang='lat' dir='ltr'> </span> 
     </span>
    </p>
   </div>
  </div>
 </body>
</html>
