2880 4792
191 324 239 393 30'
494 342 717 392 nurrtrncsr
738 341 943 397 astruurns.

190 493 222 557 ls
243 502 350 556 autern
373 493 548 572 Choerilus,
570 516 609 558 ne
624 494 700 581 quis
715 502 808 572 erret,
822 513 886 556 non
903 490 1102 556 Horatianus
1117 490 1171 554 ille
1186 499 1243 570 est,

187 596 242 659 sed
259 595 432 681 antiquior,
447 606 479 659 et
495 595 679 660 Antimachi
693 595 791 659 ferme
803 593 950 681 aequalis,
965 591 1094 656 Samius
1110 615 1170 657 seu
1183 592 1246 655 Ha·

187 696 440 777 licarnasaensis,
462 697 520 784 qui
541 697 626 762 bella
649 697 834 761 Graecorum
851 716 927 760 cum
949 694 1050 758 Dario
1070 704 1102 758 et
1128 693 1245 772 Xerxe,

188 799 287 862 nobili
311 801 451 863 carmine
477 799 679 864 celebravit*
726 799 776 862 De
797 797 858 862 hoc
879 796 963 862 enim
983 795 1071 882 apud
1094 795 1244 859 Proclum

188 901 252 987 agi,
264 901 354 965 nullo
370 902 464 965 modo
476 901 600 965 dubito.
646 900 791 965 Fuerunt
805 909 912 963 tamen
923 897 1036 962 eodem
1048 897 1160 961 seculo
1171 896 1245 960 Pto·

189 1003 384 1083 lemaeorum,
406 1003 461 1089 qui
485 1003 638 1066 honorem
653 1014 763 1066 nostro
778 1001 924 1065 habiturn
942 999 1133 1077 inviderent,
1150 998 1242 1064 Choe·

187 1105 245 1166 rilo
261 1104 405 1190 praelato,
416 1105 446 1168 in
464 1104 515 1167 his
532 1104 732 1190 Euphorion,
744 1124 884 1190 magnus
899 1111 932 1165 et
947 1102 1016 1187 ipse
1026 1107 1159 1187 poeta,†
1174 1111 1243 1188 post

187 1207 251 1284 alii,
282 1208 338 1293 qui
368 1207 533 1292 Panyasin
559 1206 702 1270 secundo
728 1207 800 1269 loco
824 1205 865 1269 ab
892 1204 1034 1268 Homero
1058 1202 1243 1290 ponerent.‡

188 1308 275 1371 Cum
293 1307 497 1382 Quintiliano
511 1319 623 1372 contra
637 1310 687 1373 vel
704 1308 812 1394 potius
826 1305 1063 1383 Alexandrinis,
1076 1305 1245 1390 Antipater

187 1412 346 1475 consentit
356 1411 662 1491 Thessalonicensis,
676 1411 793 1475 Tiberii
810 1430 878 1474 aevo
892 1410 1008 1484 clarus,
1025 1408 1123 1493 cujus
1139 1427 1243 1492 poem-

188 1513 276 1577 ation
291 1522 446 1599 superest,
464 1514 576 1601 inquo
593 1513 823 1577 Antimachum
839 1533 914 1575 cunr
930 1519 1063 1599 parente
1078 1519 1242 1596 poetarum

187 1615 368 1701 conjungit,
393 1625 426 1679 et
447 1615 524 1681 huic
542 1616 599 1680 soli
620 1615 798 1701 postponit,
818 1615 949 1701 vimque
965 1615 996 1676 in
1012 1636 1049 1678 eo
1068 1612 1187 1679 laudat
1207 1635 1242 1677 ac

188 1739 391 1782 numerorum
412 1717 650 1804 majestatem.§
694 1716 816 1780 Versus
830 1716 927 1802 ipsos,
943 1724 1040 1801 prout
1054 1715 1097 1778 ab
1118 1714 1243 1779 immor-

188 1819 243 1883 tali
262 1819 376 1885 Grotio
392 1820 505 1885 Latine
518 1830 695 1897 vertuntur,
711 1840 871 1907 apponam
885 1841 893 1879 ε

228 2025 243 2055 ¹·
266 2022 303 2081 V.
317 2021 372 2079 loc.
383 2021 521 2079 classicus
537 2021 564 2078 in
577 2021 670 2079 Suida
685 2040 708 2081 s.
720 2041 759 2090 v.‚
769 2031 798 2079 et
811 2020 851 2079 cl.
863 2019 985 2078 Vossius
1000 2019 1037 2077 de
1053 2019 1138 2078 Poet.
1153 2019 1205 2078 Gr.
1216 2037 1241 2076 c.

188 2119 216 2172 5.
270 2112 329 2171 Sed
350 2132 451 2190 parum
466 2112 561 2172 adhuc
577 2124 675 2172 actum
690 2124 735 2172 est
750 2113 778 2170 in
794 2111 1008 2189 distinguendis
1022 2111 1143 2170 diversis
1157 2111 1243 2189 hujus

189 2205 312 2264 nominis
331 2205 432 2282 poetis.
484 2205 582 2264 Nostri
600 2205 720 2263 Choerili
737 2205 866 2265 carmina
889 2203 1045 2282 plurimum
1067 2203 1242 2262 celebritatis

188 2297 295 2375 adepta
319 2317 390 2356 esse.
416 2307 519 2375 praeter
542 2298 679 2356 Proclum
705 2297 725 2355 l.
752 2301 777 2356 1.
803 2296 910 2355 Suidas
929 2314 1048 2374 quoque
1067 2305 1171 2354 auctor
1190 2304 1241 2353 est.

188 2391 290 2448 Citant
312 2390 376 2469 ejus
397 2409 477 2467 epos,
495 2400 525 2449 et
544 2410 643 2449 versus
662 2390 729 2448 inde
750 2399 901 2468 apponunt
921 2388 1018 2447 Strab.
1035 2388 1105 2447 Vll.
1121 2407 1152 2464 p.
1174 2390 1240 2446 303.

188 2483 287 2560 (464.)
311 2491 340 2541 et
358 2483 504 2561 losephus
523 2483 542 2542 l.
560 2484 584 2543 1.
601 2503 627 2543 c.
645 2483 763 2562 Apion,
778 2502 863 2560 quern
880 2482 976 2540 locum
992 2479 1120 2538 reddidit
1134 2479 1240 2538 Euseb.

190 2574 224 2632 P.
242 2576 277 2635 E.
294 2576 349 2646 IX,
364 2578 394 2634 9.
438 2576 576 2655 Ejusdem
592 2574 727 2634 carminis
741 2574 853 2632 initium
866 2592 1014 2650 superesse
1026 2581 1111 2632 acute
1125 2570 1242 2652 conjicit

188 2667 331 2746 Egregius
346 2677 441 2727 noster
452 2669 543 2726 Wolf.
560 2668 639 2745 apud
654 2667 772 2726 Aristot.
790 2666 878 2724 Rhet.
892 2666 947 2737 111,
965 2668 1011 2723 14.
1124 2675 1128 2681 “

307 2797 403 2871 Ἥγεό
416 2825 463 2875 μοι
477 2802 567 2875 λόγον
582 2802 684 2868 ἄλλον,
699 2799 774 2864 ὅπως
788 2796 890 2862 Ἀσίας
903 2795 960 2854 ἀπὸ
973 2800 1059 2870 γαίης

301 2887 417 2949 Ἦλθεν
432 2892 460 2957 ἒς
475 2895 612 2968 Εὐρώπην
625 2891 747 2968 πόλεμος
760 2892 902 2968 μέγας-

227 3024 245 3083 †
270 3014 457 3093 Epigramma
472 3016 596 3074 Cratetis
612 3017 814 3088 Grammatici‚
829 3016 952 3094 primum
965 3015 1076 3074 editum
1092 3036 1110 3074 a
1126 3015 1239 3075 Salma-

187 3106 229 3163 sio
248 3107 285 3164 ad
309 3106 455 3186 Spartian.
476 3128 506 3187 p.
527 3111 576 3166 44.
599 3129 691 3187 nuper
710 3110 746 3168 ab
760 3108 805 3168 Ill.
823 3108 970 3168 Brunckio
989 3109 1138 3168 Analectt.
1153 3110 1188 3168 T.
1204 3109 1240 3166 ll.

187 3218 216 3277 p.
233 3201 261 3257 3.

309 3285 439 3358 Χοίριλος
449 3280 624 3361 Ἀντιμάχου
638 3282 712 3341 πολι)
726 3287 860 3341 λείπεται·
877 3281 943 3340 ἀλλ’
958 3283 1003 3341 ἐπὶ
1016 3292 1089 3340 πᾶσι

349 3377 481 3451 Χοίριλον
496 3373 642 3454 Εὐφορίων
655 3372 716 3453 εἶχε
730 3373 775 3432 διὰ
786 3379 934 3453 πόματος,

308 3469 363 3522 Καὶ
378 3464 549 3540 κατάγλωττ’
564 3467 650 3525 ἐποίει
664 3472 699 3525 τὰ
709 3469 861 3545 ποιήματα,
873 3470 917 3524 καί
929 3471 963 3526 τὰ
974 3471 1097 3546 φίλητρα

349 3557 496 3634 Ἀτρεκίως
509 3555 578 3638 ᾔδη’
591 3561 636 3616 καί
647 3563 703 3635 γὰρ
713 3555 863 3635 Ὁμηρικὸς
874 3556 920 3629 ἦν.

79 3728 82 3734 .
186 3685 297 3743 Horum
322 3705 456 3744 versuum
479 3685 651 3764 flagitiosam
679 3687 854 3762 elegantiam
882 3686 993 3746 detexit
1020 3686 1239 3764 Sagarissimus

185 3776 279 3856 Toup.
295 3777 324 3835 in
340 3777 434 3855 Epist.
449 3777 510 3837 crit.
529 3799 557 3857 p.
577 3781 644 3837 135.
661 3778 707 3837 ed.
724 3778 814 3856 Lips,
827 3777 876 3836 ubi
889 3778 975 3837 docte
990 3778 1051 3856 agit
1064 3779 1102 3837 de
1117 3779 1240 3857 Euphe-

185 3868 274 3927 rione.
289 3868 328 3927 cf.
345 3869 455 3928 Reiskii
471 3869 565 3930 Notit.
579 3880 656 3949 poet.
672 3870 781 3929 anthol.
796 3890 824 3948 p.
841 3873 911 3930 211.

227 3970 240 4032 1
262 3961 344 4020 Suid.
353 3983 379 4020 v.
392 3965 548 4031 Πανύασις.
590 3963 643 4022 Ἐν
657 3973 784 4035 ποιηταῖς
798 3965 923 4023 τάττεται
937 3962 1000 4043 μεθ’
1013 3947 1155 4043 Ὅμηρον·
1171 3970 1240 4024 κατὰ

186 4055 215 4112 δι’
227 4080 315 4123 τινας,
329 4059 373 4113 καί
387 4052 451 4133 μεθ’
464 4054 599 4116 Ἡσίοδον
614 4060 658 4114 καὶ
671 4055 856 4134 Ἀντίμαχον.

226 4149 239 4214 t
261 4144 439 4207 Contentum
453 4147 547 4206 scribo
562 4147 605 4218 iis,
621 4146 725 4224 quibus
740 4146 846 4205 Graeca
857 4165 953 4223 graeca
968 4155 1046 4217 sunt,
1062 4165 1120 4204 non
1135 4147 1239 4226 legun-
