2902 4786
189 320 236 386 8⁴
491 335 712 383 nnnnncni
741 334 944 385 νιιιουινν.

191 486 295 549 insnlu
309 483 430 548 Oceani
452 483 659 547 occidentalis
679 482 903 559 remotissima,
919 480 1005 544 unde
1027 479 1073 542 ibi
1094 477 1177 541 Solis
1197 500 1248 540 oe-

190 609 300 651 canum
316 585 489 672 ponebant,
504 609 532 648 v.
547 583 683 649 eundem
700 583 807 669 lleyn.
823 583 864 645 V.
883 582 934 645 lll.
952 582 992 644 ad
1006 581 1116 666 Apoll.
1130 603 1160 664 p.
1176 578 1247 642 386.

191 686 523 774 -SCll.-Conjici0
540 691 609 752 τότε
625 683 663 762 δὴ
678 692 735 771 μὲν
750 688 868 773 ἔῦχρειρ
883 686 917 751 iv
932 681 1023 750 δίπαΐ
1039 695 1097 767 σφε
1112 679 1250 758 Ἠελίου,

192 822 218 858 κ.
234 820 261 854 τ.
279 789 310 854 λ.
327 786 375 852 vel
389 788 485 851 etiam
501 784 540 864 δὴ
554 787 617 853 τότ’
633 785 858 874 ioxep-BL.

624 1131 772 1199 XXVll.

308 1387 361 1396 —
379 1338 574 1436 Ἡφαίστου
595 1336 673 1441 πυρὶ
695 1333 833 1428 εἴκελον,
855 1333 890 1429 ήν
909 1338 953 1452 ῥα
974 1333 1128 1416 milone.

307 1451 450 1556 Δαίμαν
469 1448 679 1552 οἷκροτάταις
694 1445 778 1552 άρεος
796 1462 972 1550 κορυφαῖοι
988 1444 1196 1547 Μοσιίχλου.

195 1672 320 1736 Senon.
340 1672 477 1738 Nicand.
492 1672 587 1737 Ther.
603 1675 677 1736 472.
693 1695 723 1759 p.
741 1671 795 1736 31.
816 1672 879 1748 (ed.
898 1670 943 1735 10.
963 1669 1083 1749 Soter.)
1098 1670 1141 1734 ad
1164 1673 1250 1737 Σάον

195 1780 228 1851 ἠὲ
254 1774 527 1863 Μοσΰχλου·-Ὀ
554 1777 641 1850 Σάος
665 1773 697 1841 δὲ
721 1779 770 1840 καὶ
791 1778 809 1839 ὁ
831 1772 1014 1859 Μάσυχλος
1037 1773 1097 1858 ὄρη
1118 1776 1178 1838 εἶσὶ
1197 1781 1252 1847 τῆς
1297 1845 1302 1855 Ι

196 1879 315 1961 Σάμου.
362 1881 521 1961 Μίμυηται
543 1875 575 1944 δὲ
595 1880 716 1943 τούτων
738 1880 802 1941 τῶν
825 1877 943 1954 τόπων,
965 1878 1023 1950 τὴν
1047 1884 1179 1958 Λήμνου
1202 1879 1251 1939 καὶ

196 1976 415 2064 Σαμοθρᾴκην,
444 1982 586 2064 ἑκατέρας
614 1980 672 2053 τὰς
702 1981 822 2053 νήσους
849 1973 899 2042 διὰ
927 1978 1048 2041 τούτου
1079 1981 1250 2060 σημαίνων.

194 2080 356 2147 Ἐκαλεῖτο
371 2079 402 2147 δὲ
426 2083 512 2155 Σάος
530 2086 579 2146 καὶ
594 2083 614 2155 ἡ
631 2079 691 2155 ὅλη
707 2081 843 2165 Θρακικὴ
860 2080 979 2162 Σάμος·
1003 2083 1052 2143 καὶ
1070 2077 1252 2164 Μόσυχλος

194 2179 238 2259 δὲ,
265 2183 303 2246 τὰ
328 2184 387 2267 ὄρη
409 2193 465 2257 τῆς
489 2185 628 2264 Λήμνου,
653 2184 697 2255 ὡς
723 2181 928 2265 Ἀντίμαχος·
952 2175 1141 2263 Ἡφαίστου.
1169 2207 1195 2243 κ.
1218 2176 1250 2241 λ.

196 2288 256 2347 Καὶ
270 2281 511 2367 Ἐρατοσθένης·
535 2283 581 2347 Εὖ
602 2311 650 2348 τοι
665 2286 755 2357 ὅσοις
770 2285 912 2367 φαίνεσκε
934 2278 1131 2366 Μοσυχλαίη
1152 2278 1250 2365 φλογὶ

193 2383 475 2449 loon—Scholion
490 2383 539 2448 vel
555 2383 717 2448 turbatum
737 2395 798 2462 est,
813 2383 861 2447 vel
876 2383 908 2445 in
926 2382 1084 2469 principio
1100 2391 1176 2467 post
1191 2384 1249 2467 ὄρη

195 2489 252 2550 εἰσὶ
268 2494 324 2559 τῆς
341 2487 450 2569 Σάμου
465 2485 648 2548 addendum
664 2491 713 2551 καὶ
730 2488 868 2569 Λήμνου.
902 2483 1042 2568 Hesych.
1056 2484 1251 2570 Μόσυχλου·

195 2587 273 2669 ὄρος
294 2591 433 2668 Λήμνου.
480 2585 530 2649 De
553 2587 715 2649 montibus
736 2585 810 2664 illis,
832 2583 894 2648 Sao
909 2592 942 2647 et
964 2583 1150 2670 Mosych10‚
1165 2583 1250 2670 apud
1320 2667 1322 2670 Α

194 2685 274 2748 alios
289 2686 368 2748 nihil
384 2696 591 2750 memoratum
607 2687 682 2773 legi,
694 2697 810 2772 praeter
825 2685 1034 2765 Nicandrum,
1047 2708 1146 2772 quem
1162 2685 1249 2748 conf.

194 2787 290 2851 eliam
306 2811 335 2851 v.
351 2788 424 2850 458.
439 2789 468 2852 9.
514 2788 598 2851 Hinc
620 2789 797 2874 fragmento
822 2798 928 2852 nostro
953 2787 1092 2873 pretium
1116 2786 1248 2874 aliquod

194 2890 328 2953 accedit.
375 2888 427 2952 Sai
455 2889 573 2953 montis
599 2890 719 2953 mentio
745 2889 823 2953 latet
847 2888 981 2952 fortasse
1008 2888 1193 2952 oblitterata
1218 2889 1251 2952 in

197 2989 341 3076 Hesych.
374 3014 402 3053 v.
439 2992 548 3073 Σάμου
580 2990 829 3068 ὑληέσσης-καὶ
861 2992 897 3055 τὸ
926 2991 960 3055 ἔν
994 2991 1074 3075 αὐτῇ
1109 2992 1199 3075 ὄρος,
1222 2999 1253 3053 et

178 3091 294 3156 ‘citato
320 3093 363 3155 ibi
391 3090 497 3155 Schol.
521 3091 598 3154 min.
625 3091 663 3154 Il.
688 3122 715 3158 v.
743 3092 790 3153 1⁶2.
824 3091 879 3154 ubi
904 3111 990 3154 nunc
1016 3089 1156 3176 legitur:
1190 3100 1251 3167 Τῆς

198 3191 415 3278 Σαμοθρᾴκης·
438 3196 474 3259 τὸ
489 3196 544 3276 μίν
559 3221 606 3259 τοι
622 3199 655 3260 ἐν
670 3195 749 3280 αὐτῇ
765 3197 842 3280 ὄρος
853 3195 963 3268 Σαώκη
979 3191 1123 3258 καλεῖται.
1149 3191 1255 3256 Habe·

194 3315 267 3356 mus
283 3303 389 3357 tamen
406 3292 527 3358 Saocen
543 3304 682 3358 montem
698 3304 731 3357 et
742 3316 793 3379 ap.
810 3293 895 3356 Plin.
909 3291 951 3354 H.
969 3292 1010 3355 N.
1022 3291 1084 3371 IV,
1104 3294 1153 3357 12.
1169 3295 1252 3357 med.

197 3395 293 3469 Quod
321 3406 432 3482 postea
456 3396 610 3460 adscribit
635 3396 787 3459 Nicandri
814 3394 935 3473 Schol,
954 3395 1083 3482 longius
1109 3398 1251 3482 patuisse

196 3497 251 3560 Sni
272 3497 526 3581 appellationem,
543 3507 640 3582 atque
660 3497 755 3560 etiam
776 3497 861 3560 omni
882 3495 1110 3560 Samothraciae
1131 3497 1251 3581 datam,

195 3599 400 3661 advocandus
416 3598 480 3662 hue
495 3600 554 3663 erit
570 3598 721 3662 Eustath.
738 3599 777 3661 ad
796 3598 931 3684 Dionys.
947 3597 1071 3684 Perieg.
1086 3600 1173 3678 533„
1185 3600 1259 3695 qui&

194 3700 313 3764 tradita
333 3701 464 3786 vulgata
489 3700 620 3778 ratione,
636 3722 700 3786 que
716 3702 837 3782 σάμους
857 3699 953 3762 veteri
975 3720 1118 3764 sermone
1132 3704 1171 3767 τὰ
1188 3703 1249 3785 ὕψη

194 3802 341 3879 καίνισον,
355 3800 493 3885 indeque
503 3801 618 3864 insulae
630 3822 743 3864 nomen
755 3802 879 3864 venisse
891 3800 1059 3885 putabant,
1070 3802 1115 3864 sio
1129 3804 1246 3888 pergit:

198 3908 236 3969 Οἱ
257 3902 289 3969 ’δέ
309 3917 414 3988 φασιν,
432 3906 478 3967 ὅτι
500 3904 610 3986 Σάμος
632 3902 752 3987 λέγεται
773 3905 792 3976 ἡ
817 3906 944 3988 θρρκία,
964 3905 1060 3968 οἱονεὶ
1083 3905 1171 3978 Σάος
1190 3934 1249 3982 τις,

196 4009 244 4072 καὶ
276 4006 350 4070 κατὰ
380 4003 583 4085 πλεονασμὸν
609 4010 664 4068 τοῦ
694 4033 727 4085 μ,
754 4005 873 4086 Σάμος,
898 4003 961 4069 ἀπὸ
992 4001 1109 4082 Σαίωυ,
1137 4003 1249 4080 ἔθνους

196 4107 331 4171 παλαιοῦ
343 4109 530 4180 οἰκήσαντος
545 4108 653 4180 αὐτὴν·
671 4105 708 4169 οὗ
724 4108 870 4188 μέμνηται
885 4111 932 4170 καὶ
949 4104 1165 4190 Ἀρχίλοχος,
1176 4110 1249 4188 ὁμο·

197 4206 307 4290 λαγῶν
331 4208 493 4291 άχρυυτου
523 4209 579 4280 τὴν
608 4207 702 4269 αὑτοῦ
730 4203 846 4270 ἀσπίδα
874 4209 905 4271 ἐν
932 4210 971 4290 τῇ
997 4212 1086 4291 φυγῇ
1108 4206 1248 4289 πολέμου
