2880 4792
102 396 113 413 ,
183 332 230 401 54
487 354 706 404 Amnem
735 354 939 410 ιιυιιουιιι.

700 506 730 566 9.

443 689 487 702 -
505 657 549 720 Τὸ
566 658 616 720 καέ
630 672 701 739 σφω
717 659 845 740 γεένατο
859 658 972 740 μητήρ.
1047 696 1051 703 «

697 837 746 899 10.

275 973 383 1038 Πάντα
398 971 484 1055 μάλ’,
499 973 571 1038 ὅσσ’
581 969 763 1058 Ἀδραστος
774 974 1001 1058 ἐποιχομένους
1015 967 1155 1035 ἐκέλευσε

273 1071 427 1157 Ῥεὲέμεν·
453 1079 487 1140 ἐν
501 1080 558 1157 μὲν
574 1071 670 1159 ὕδωρ,
687 1077 720 1139 ἐν
736 1070 763 1138 δ’
778 1072 913 1150 άσκηθές
927 1070 997 1155 μέλι
1014 1077 1085 1157 χεῦε

274 1174 438 1262 Ἀργυρέιρ
453 1185 579 1261 κρητῆρι
594 1171 810 1261 περιφραδέως
825 1178 1007 1260 κερόωντες.

279 1278 437 1359 Νώμησαν
451 1274 481 1342 δὲ
499 1273 655 1363 δέπαστρα
672 1280 760 1351 θοῶς
774 1275 965 1363 βασιλεῦσιν
979 1275 1135 1360 Ἀχαιῶν,

277 1378 333 1443 Ἐκ
349 1381 446 1465 χερὸς
460 1382 605 1456 εἷστιῶσι,
621 1385 669 1444 καὶ
686 1381 718 1453 ἐς
734 1376 856 1464 λοιβὴν
872 1380 949 1464 χέον
964 1375 1052 1461 εἶθαρ

276 1485 411 1566 Χρυσεέρ
426 1482 561 1566 προχόῳ
576 1515 619 1528 -

693 1653 742 1715 ll.

270 1784 409 1861 ’Ἂλλοις
424 1783 455 1852 δί
472 1796 617 1873 κρητῆρα,
632 1789 854 1872 πανάργυρον,
871 1791 904 1862 ἠὲ
921 1781 1078 1868 δέπαστρα

276 1890 441 1954 Οἶσόντων
459 1891 587 1975 χρόσεια
604 1891 641 1953 τά
657 1890 686 1952 τ’
701 1891 734 1954 ἓν
750 1889 936 1974 μεγάροισιν
951 1890 1051 1969 ἐμοῖσι

277 1995 401 2054 Κεῖατοι
415 2025 458 2037 -

700 2163 749 2225 12.

323 2295 380 2352 Καὶ
399 2293 529 2375 χρύσεια
547 2287 703 2376 δέπαστρα
719 2296 766 2354 καὶ
784 2287 919 2365 άσκηθές
935 2286 1096 2374 κελέβειον

315 2390 491 2472 Ἔμπλειου
506 2391 645 2473 μέλιτος,
660 2394 697 2456 τὸ
711 2391 753 2476 ῥά
770 2394 800 2456 οἱ
816 2396 1070 2477 προφερέστερον
1087 2391 1143 2464 εἴη.

700 2565 748 2626 13.

323 2703 468 2784 Κήρυκας
484 2698 667 2765 ἀθανάτοισι
682 2703 784 2785 φέρειν
798 2697 937 2780 μέλανος
953 2696 1065 2772 οἴνοιο,

321 2800 438 2865 Ἀσκὸυ
452 2799 609 2866 ἐνίπλειον
625 2798 794 2886 κελεβήῖον
810 2802 875 2863 ὅττι
891 2802 1051 2884 φέριστον,

244 2905 254 2917 ’
324 2904 416 2966 Οἷσιν
430 2905 473 2967 ἐνὶ
491 2904 642 2987 μεγάροις
657 2911 749 2967 κεῖται
764 2901 891 2984 μέλιτος
906 2900 1087 2975 πεπληθός.

699 3071 745 3132 14.

448 3231 491 3242 -
507 3195 587 3282 άτὰρ
603 3192 774 3282 ιἰμφιθέτου
789 3193 950 3280 κελέβειον
964 3194 1092 3269 ἑλόντες

318 3295 494 3379 ’Έμπλειου
510 3298 647 3380 μέλιτος,
662 3300 698 3362 τὸ
713 3296 755 3384 ῥά
773 3300 802 3362 οἱ
817 3300 1069 3383 προφερέστερον
1084 3298 1139 3375 εἴη.

693 3475 741 3536 15.

325 3605 429 3666 Πάσιν
446 3597 473 3664 δ’
490 3603 697 3686 ἡγεμόνεσσιν
714 3604 894 3689 ἐπιχόμενοι
910 3607 1039 3689 κήρυκες

327 3706 450 3786 Χράσεα
465 3701 546 3767 καλὰ
563 3702 705 3768 κύπελλα
719 3708 888 3790 τετυγμένα
905 3708 1102 3787 νωμήσαντο.

703 3876 750 3938 16.

320 4005 380 4082 Ὡς
395 4008 613 4087 ἐπαπειλήτην,
628 4011 731 4094 ὥσπερ
749 4008 934 4076 Καυκωνῖδυ
950 4015 1062 4094 Δάμην

323 4106 516 4193 Ἐπραθέτην
531 4107 694 4175 παίδεσσιν
709 4111 844 4176 Ἐπειῶν
861 4111 1061 4198 άρχεάουτες.
