2880 4792
338 310 388 371 118
649 325 869 373 nnrrnrncnr
895 323 1097 380 narrourrr..

336 526 411 588 qum
433 500 583 562 Graccum
609 521 689 584 opus
714 521 776 562 non
801 499 907 583 ipsum
923 496 1076 575 versdmt,
1090 496 1123 559 in
1141 495 1250 581 aprico
1272 503 1330 556 est.
1374 491 1400 554 E

336 603 452 666 mutilo
469 601 564 665 verbo
582 600 660 663 nihil
676 602 836 687 exsculpo.

784 923 954 988 XXXIII.

390 1148 506 1255 Adrdp
526 1152 542 1229 d
564 1148 723 1251 Διογενῆς
740 1149 832 1253 ἥρως,
854 1147 972 1249 {cerdic
992 1148 1208 1244 Πολυνείκης,

391 1263 518 1365 Πρῶτοι
532 1260 592 1368 μὲν
613 1258 776 1342 Oidr'crodr
797 1259 905 1352 meir
926 1256 1091 1364 ποορὲθηκε
1113 1256 1297 1368 τράπεζαν

388 1370 561 1476 Ἀργυρὲην
583 1368 732 1480 Κοίὸμονο
747 1371 928 1475 θεόφρονος·
950 1369 1060 1473 mincip
1083 1367 1214 1450 ἔπειτα

388 1483 530 1587 Χρύοεον
549 1481 730 1592 ἔμπλησεν
750 1482 856 1563 καλόν
876 1477 990 1572 ἅπας
1009 1478 1102 1574 vidior
1121 1477 1217 1561 vivon.

387 1594 504 1698 Adrcip
525 1592 578 1695 ‘dy'
599 1596 641 1685 οἷς
657 1591 778 1697 {occidar
799 1595 1037 1700 παρακείμενοι
1057 1592 1192 1695 πατρός
1206 1595 1267 1673 ἑοῖο

387 1705 563 1844 Τοννῆεντοι
583 1702 680 1809 fiper,
700 1702 798 1811 μὲγοο
814 1708 843 1785 oi
863 1703 967 1785 κοοκέν
989 1701 1124 1810 ἔμπεσε
1144 1704 1259 1811 θυμῷ.

385 1815 486 1918 Ανψοο
529 1815 542 1896 ἓ
564 1815 684 1897 παισὶν
705 1818 784 1895 ἑοῖσι
803 1817 882 1924 μετ’
903 1812 1138 1924 οἷμφοτὲρονσνν
1159 1815 1215 1895 ἐπ’
1235 1812 1322 1917 ον’ροές

382 1925 579 2030 Ἀργονλὲονς
597 1929 712 2031 ἦροῖτο·
745 1926 836 2032 (θεὸν
858 1923 889 2005 d'
905 1926 939 2005 ori
958 1923 1093 2004 λάνθαν’
1109 1926 1278 2029 Ἐρνννῦν·)

382 2039 453 2127 Ὠς
472 2039 538 2140 οὐχ
559 2041 588 2118 οἶ
608 2035 756 2153 πατρῷοί
774 2039 810 2139 γ’
832 2035 873 2116 {II
896 2034 1052 2135 φιλότητν
1073 2032 1250 2129 deirorum,

381 2145 615 2265 Ἀμφοτίοονσν
637 2146 667 2228 d'
688 2147 741 2229 oiri
763 2145 823 2229 εἶεν
843 2148 995 2254 πολεμοί
1012 2182 1049 2226 τε
1068 2146 1190 2255 μάχοιο
1212 2184 1263 2228 τε.

327 2381 534 2445 ATHENAEus
551 2381 612 2445 XI.
628 2404 660 2467 p.
676 2382 750 2444 465.
769 2381 804 2443 F.
851 2379 888 2447 Ὀ
913 2379 1068 2456 Οἰδίπους
1083 2378 1121 2447 δι’
1136 2384 1303 2466 ἐκπώματα
1321 2393 1386 2458 τοῖς

328 2487 410 2558 υἱοῖς
437 2482 643 2570 κατηράσατο,
670 2485 714 2557 ὡς
738 2487 756 2548 ὁ
779 2485 837 2559 τὴν
861 2482 1009 2558 κυκλικὴν
1037 2480 1188 2568 θηβαΐδα
1211 2488 1386 2562 πεποιηκὼς

328 2591 434 2669 φησὶν,
451 2590 498 2651 ὅτι
519 2587 604 2670 αὐτῷ
625 2581 801 2671 παρέθηκαν
822 2585 995 2667 ἐκπώματα,
1010 2581 1030 2648 ἃ
1046 2583 1264 2670 α’πηγορεΰκει,
1280 2585 1383 2673 λέγων

324 2688 435 2765 οὕτως·
463 2689 569 2774 Αὐτὰρ
585 2717 611 2752 κ.
628 2687 659 2752 λ.
685 2686 812 2748 Diserte
827 2687 938 2772 itaque
951 2686 1166 2771 fragmentum
1177 2686 1216 2749 ad
1230 2687 1383 2773 cyclicam

323 2787 520 2854 Thebaidem
536 2789 577 2852 ab
591 2789 749 2853 Athenaeo
765 2788 908 2867 refertur,
925 2787 1010 2851 unde
1024 2787 1158 2867 mireris,
1172 2810 1232 2853 cur
1246 2788 1384 2853 Valcke-

323 2892 440 2956 naerius
455 2894 495 2956 ad
510 2891 626 2955 Phoen.
645 2913 675 2976 p.
691 2892 742 2954 25.
759 2889 840 2953 iIIud
852 2889 1047 2953 Antimacho
1063 2899 1186 2974 promte
1198 2890 1383 2977 assignarit,

321 2991 422 3079 idque
438 3017 475 3058 eo
491 2995 571 3072 1000,
584 2994 639 3057 ubi
656 2992 754 3056 nostri
766 2991 962 3056 Thebaidem
975 3013 994 3054 a
1006 2991 1130 3077 cyclica
1145 2991 1266 3056 distare
1281 2993 1382 3058 docet.

323 3091 411 3156 Num
427 3095 552 3181 putavit
568 3095 631 3174 ille,
647 3116 721 3157 cum
738 3115 849 3158 versus
864 3093 897 3172 ii,
907 3115 987 3179 quos
1006 3093 1118 3157 itidem
1133 3116 1151 3158 e
1166 3095 1291 3178 cyclica
1302 3094 1382 3159 The·

321 3194 415 3258 baide
437 3194 542 3260 Schol.
559 3196 656 3283 Soph.
674 3194 715 3259 Ο.
734 3194 772 3258 Ο.
792 3196 884 3259 1371.
901 3193 1023 3275 laudat,
1038 3195 1165 3258 diversa
1186 3196 1228 3259 ab
1249 3196 1301 3260 his
1319 3219 1382 3261 ver-

320 3295 411 3359 sibus
427 3298 466 3360 de
482 3297 595 3383 OEdipi
611 3298 689 3361 diris
706 3305 844 3377 narrent,
860 3297 906 3361 ita
926 3305 1095 3383 utramque
1111 3297 1326 3362 narrationem
1340 3297 1379 3362 ad

321 3420 421 3462 unum
436 3421 563 3463 carmen
580 3401 733 3486 pertinere
749 3421 813 3463 non
829 3400 944 3486 posse?
990 3400 1035 3462 At
1049 3399 1110 3462 hoc
1126 3401 1234 3462 nescio
1250 3422 1292 3463 an
1305 3421 1379 3464 con-

320 3508 369 3563 tra
384 3503 503 3566 diserta
519 3502 616 3567 verba
628 3502 777 3565 Athenaei
793 3502 871 3565 satis
886 3501 1002 3580 valeat,
1018 3513 1051 3564 et
1066 3502 1177 3587 utique
1193 3502 1268 3587 plus
1283 3501 1378 3567 semeI

320 3604 405 3666 mala
428 3625 522 3690 prece
551 3604 634 3667 filios
660 3603 812 3667 detestari
836 3601 977 3688 OEdipus
1003 3603 1117 3689 potuit,
1143 3624 1248 3690 neque
1278 3605 1379 3690 major

320 3702 375 3766 illa
396 3704 563 3768 diversitas
582 3714 642 3768 est.
689 3704 849 3767 Praetcrea
870 3726 932 3767 non
954 3704 1059 3782 video,
1073 3727 1147 3790 quae
1168 3726 1268 3769 causa
1281 3708 1379 3791 potis-

320 3804 436 3868 simum
457 3805 519 3868 hoc
539 3805 767 3892 fragmentum,
788 3827 851 3869 non
876 3806 1010 3869 alterum
1035 3827 1085 3891 ap.
1102 3804 1254 3892 SophocI.
1271 3807 1376 3871 SchoI.

319 3906 514 3970 Antimacho
528 3907 677 3972 vindicet.
724 3907 776 3970 Ita
788 3907 879 3984 forte,
893 3907 952 3970 nisi
965 3929 1049 3971 error·
1061 3908 1181 3986 subest,
1191 3910 1248 3972 viri
1261 3911 1376 3972 summi

320 4018 438 4088 notam,
453 4009 575 4072 centies
591 4010 715 4087 lectam,
730 4031 795 4072 non
817 4009 895 4072 satis
919 4009 1063 4094 intelligo
1070 4032 1078 4088 ;
1105 4010 1248 4096 adeoque
1266 4034 1376 4076 versus

319 4107 373 4174 hio
389 4132 548 4196 apponere
565 4113 673 4176 malui.
721 4110 908 4175 Orationem
930 4112 952 4175 ii
974 4110 1094 4175 habent
1108 4111 1287 4178 Homericae
1303 4102 1384 4179 con-i
