2880 4792
306 282 328 353 8
615 303 837 351 Aarruncrrr
860 304 1060 360 neironis..

306 453 390 517 tollit
412 475 478 539 seq.
503 475 640 531 versum,
656 455 697 517 ab
721 454 834 517 iisdem
855 456 935 519 adeo
953 455 1073 519 criticis
1097 477 1154 541 pro
1178 454 1288 541 spurio
1311 455 1370 517 hn-

308 552 420 614 bitum.
468 550 518 615 De
546 549 600 614 illa
626 552 847 615 observatione
877 574 990 637 pauca,
1015 564 1047 617 et
1076 554 1117 617 ad
1148 553 1236 616 hunc
1265 576 1369 617 unum

306 649 413 713 locum
430 647 599 734 Odysseae,
614 649 724 712 attulit
746 648 895 713 Eustath.
912 673 942 737 p.
964 652 1046 714 1576
1061 660 1158 727 extr,
1175 673 1251 714 cum
1266 651 1309 714 ad
1328 652 1367 714 Il.

305 773 327 811 ε.
346 745 426 809 nihil
445 746 600 826 dedisset,
624 746 708 810 unde
730 747 839 810 videas
862 746 1099 834 παρεκβολικὴν
1122 748 1367 835 negligentiam.

304 843 357 906 cf.
381 867 455 908 cum
479 843 529 908 his
554 844 724 909 Lesbonax
748 872 782 909 π.
801 874 898 932 σχημ.
920 856 952 908 et
974 846 1132 909 Valcken.
1150 855 1216 910 not.
1237 870 1271 933 p.
1293 849 1367 912 179.

305 952 378 1028 post
395 942 544 1005 Ammon.

350 1038 471 1118 HabeS,
486 1040 529 1103 mi
549 1038 791 1126 Schellerrbergi,
806 1041 975 1126 epistolam
998 1051 1048 1104 sat
1070 1041 1249 1128 loquacem.
1296 1040 1365 1106 Sed

304 1139 471 1224 loquacem
485 1138 560 1203 fecit
576 1160 638 1201 non
655 1147 720 1201 tam
737 1138 794 1202 otii
810 1139 1019 1216 abundantia,
1029 1160 1128 1225 quarn
1144 1161 1214 1202 mea
1228 1161 1306 1226 erga
1317 1139 1365 1204 Te

304 1235 534 1300 benevolentia.
592 1234 699 1308 Quem
720 1236 805 1298 enim
827 1236 931 1322 magis
955 1246 988 1301 et
1014 1235 1190 1322 impensius
1216 1237 1364 1323 diligam,

303 1355 403 1419 quam
418 1354 502 1411 eum,
517 1332 585 1418 qui,
600 1354 639 1397 ex
655 1354 721 1419 quo
735 1332 811 1397 huic
821 1335 1013 1398 academicae
1022 1333 1218 1398 institutioni
1228 1357 1360 1420 operam

302 1429 388 1509 dedi,
403 1439 493 1494 tanto
509 1451 559 1493 me
574 1430 682 1494 studio
698 1441 839 1494 sectatus
855 1431 910 1509 sis,
925 1442 1035 1518 atque,
1051 1431 1149 1495 sacris
1165 1431 1280 1496 litteris
1290 1433 1362 1519 jam

302 1536 371 1590 tum
386 1528 466 1592 bene
482 1526 636 1606 imbutus,
652 1528 854 1611 antiquitatis
875 1551 1005 1616 quoque
1025 1529 1182 1594 litterulas
1198 1531 1362 1594 tractandi

301 1625 542 1712 cupidissimus,
552 1647 728 1712 paucorum
745 1647 855 1690 eorum
867 1627 967 1690 coetui
979 1627 1162 1706 accesseris,
1173 1627 1231 1713 qui
1247 1649 1363 1693 nume-

301 1744 373 1786 rum
388 1723 500 1787 ardore
512 1734 543 1788 et
555 1723 670 1788 studiis
682 1733 925 1810 compensarent
936 1748 944 1801 3
960 1746 1108 1810 eumque,
1120 1725 1176 1811 qui
1189 1725 1361 1805 industria,

301 1818 498 1908 integritate,
520 1821 676 1885 modestia
698 1830 732 1885 et
751 1820 868 1899 animo,
892 1821 1021 1908 qualem
1044 1821 1254 1885 humanitatis
1273 1834 1361 1888 artes

301 1918 432 2007 fingunt
446 1928 479 1984 et
493 1918 670 2005 requirunt,
686 1928 808 1983 ceteros
823 1918 919 1982 etiam
932 1919 1080 1982 doctores
1094 1918 1193 1999 Tuos,
1209 1928 1242 1984 et
1256 1920 1360 1985 bonos

300 2039 411 2082 omnes
423 2018 507 2103 apud
524 2039 583 2080 nos
594 2016 665 2080 Tibi
677 2016 909 2095 conciliaveris,
919 2016 976 2102 qui
988 2015 1129 2103 denique
1141 2038 1227 2080 nunc
1243 2016 1360 2105 inipso

299 2114 443 2179 discessu
458 2136 477 2177 a
492 2113 586 2177 nobis
606 2122 673 2177 tam
696 2134 806 2177 carum
828 2112 948 2199 pignus
969 2113 1216 2178 necessitudinis
1238 2125 1358 2180 nostrae

299 2212 469 2276 relicturus
484 2211 539 2274 sis.
586 2210 696 2290 Quod,
706 2233 780 2274 curn
794 2211 906 2297 patriae
921 2210 1011 2290 Tuae,
1024 2211 1175 2275 Patronis
1190 2219 1224 2275 et
1235 2212 1358 2298 optimo

300 2306 444 2388 Parenti,
467 2309 507 2373 de
533 2309 590 2372 tali
618 2308 697 2386 cive,
721 2308 861 2386 alumno,
887 2307 955 2371 filio
981 2308 1207 2394 gratulandum
1232 2317 1357 2395 putem,

299 2427 360 2491 ego
384 2406 464 2470 mihi
491 2428 555 2474 non
581 2405 734 2492 gratuler,
761 2404 840 2467 milri
868 2427 933 2468 non
959 2405 1140 2491 gaudeam?
1174 2405 1235 2468 hoc
1261 2409 1356 2474 crede

299 2525 400 2567 unum
416 2515 448 2568 et
463 2525 559 2567 suave
581 2503 731 2566 solatium
755 2501 847 2566 nobis
866 2503 1024 2581 relictum,
1039 2502 1096 2588 qui
1111 2504 1144 2565 in
1162 2503 1269 2583 rebus,
1287 2512 1355 2569 tam

298 2624 413 2689 parum
442 2601 571 2667 honoris
601 2601 635 2664 iu
665 2602 782 2688 vulgus
810 2601 1015 2680 habentibus,
1041 2601 1170 2664 assidue
1197 2601 1354 2668 docendis

298 2722 470 2765 versamur.
530 2700 640 2786 Atque
664 2709 741 2763 nata
766 2698 843 2763 hinc
870 2699 1028 2785 voluptas,
1051 2686 1126 2761 cum
1156 2698 1355 2766 conscientia

298 2808 382 2862 recte
400 2799 558 2862 sactorum
575 2796 761 2881 conjuncta,
777 2818 843 2860 una
858 2795 950 2859 nobis
966 2795 1062 2881 erigit
1075 2816 1164 2881 spem
1179 2817 1260 2873 earn,
1276 2820 1353 2883 quae

297 2895 329 2956 in
346 2895 414 2959 dies
429 2915 516 2958 nunc
532 2893 635 2979 magis
651 2892 815 2972 inciditur,
830 2893 1094 2980 quandoquidem
1116 2914 1173 2978 per
1189 2901 1237 2956 tot
1252 2916 1352 2960 novos

296 2991 525 3077 hierophantas
546 2990 661 3054 veteris
685 2990 875 3076 disciplinae,
897 3012 918 3053 a
937 2991 1103 3055 doctarum
1118 2989 1302 3075 linguarum
1318 3001 1353 3057 et

296 3088 438 3152 historiae
460 3111 521 3152 usu
541 3087 757 3173 procedentis,
784 3088 939 3151 rationem
961 3088 1057 3151 bodie
1080 3088 1195 3151 callide
1215 3088 1262 3151 ita
1281 3112 1353 3175 per·

295 3185 458 3250 turbatam
486 3185 641 3262 videmus,
669 3193 706 3248 ut
735 3206 773 3249 ea
799 3185 917 3263 studia,
942 3208 1016 3271 quae
1042 3185 1145 3249 facem
1174 3184 1352 3270 praeferunt

294 3284 409 3347 ceteris
431 3283 592 3364 omnibus,
611 3305 703 3370 paeue
721 3282 753 3344 in
775 3291 973 3346 contemtum
994 3283 1204 3360 adducantur,
1219 3292 1277 3346 aut
1294 3306 1352 3370 per

294 3380 365 3444 illos
385 3381 473 3468 ipsos
495 3381 666 3468 malignius
687 3380 870 3459 laudentur,
892 3379 949 3467 qui
974 3401 1008 3443 se
1033 3379 1171 3443 melioris
1194 3380 1350 3446 doctrinae

294 3479 456 3543 antistites
478 3479 594 3559 ferunt,
610 3477 667 3542 sed
690 3499 827 3564 quorum
851 3499 936 3565 saepe
960 3477 1103 3556 interest,
1128 3476 1307 3563 discipulos
1330 3502 1350 3543 a

293 3577 383 3641 cultu
398 3577 575 3641 litterarum
590 3577 686 3641 rudes
701 3575 828 3652 habere,
844 3597 909 3661 quo
923 3575 1050 3638 facilius
1062 3596 1116 3638 eos
1131 3574 1164 3637 in
1180 3574 1230 3637 sui
1246 3574 1351 3639 admi-

293 3674 414 3738 ratione
444 3682 586 3737 teneant.
638 3673 731 3751 Vale,
764 3671 1006 3758 Schellenbergt',
1032 3671 1177 3759 mihique
1206 3693 1349 3737 amorem

292 3772 409 3851 Tuum,
440 3771 538 3835 etiam
561 3772 688 3848 absens,
712 3770 738 3832 si
766 3769 880 3847 merui,
911 3790 1072 3832 conserva.
1129 3769 1215 3832 Dab.
1246 3791 1347 3834 mens.

293 3869 392 3934 Mart.
411 3869 502 3932 1786.
