2880 4792
183 319 229 385 *ld
485 339 708 388 AN'llllAClll
731 339 932 394 hernotus-3.

183 485 320 571 antiqui,
336 511 373 548 ea
396 487 471 548 vitiu
491 487 605 550 virture
627 509 689 550 non
713 510 776 550 una
796 487 949 551 redimere
969 485 1095 550 debuit.
1143 486 1238 549 Certe

183 587 216 650 id
232 599 263 649 et
280 588 568 651 Alexandrinorum
583 588 768 652 criticorum
779 589 940 674 judicium
957 588 1075 666 innuit,
1090 599 1124 652 et
1139 588 1239 651 admi-

185 684 264 747 ratio
286 685 478 771 assiduaque
500 686 605 764 lectio,
628 708 694 771 qua
718 697 830 771 postea
857 709 988 773 quoque
1010 686 1140 768 dignari
1165 707 1239 750 eum

184 809 246 850 non
270 787 444 852 desierunt.
492 786 543 850 lta
570 788 688 874 legitur
712 811 848 874 magnus
873 789 945 873 ejus
973 789 1116 852 imitator
1143 787 1240 850 fuisse

187 889 359 966 Nicander,
377 889 461 952 unde
476 888 529 952 hic
544 889 640 953 etiam
657 890 764 975 plures
781 890 917 953 Doricas
932 889 1051 953 formas
1071 888 1238 952 traxerit*

185 990 229 1054 At
259 991 337 1077 quid
370 991 544 1054 audimus?
582 991 811 1054 Antimachum
841 991 873 1054 in
898 990 1095 1055 carminibus
1121 990 1241 1054 Dorica

185 1094 323 1157 dialecto
339 1094 457 1157 usum?
482 1092 546 1156 Vix
564 1093 624 1157 hoe
639 1093 768 1179 aliquis,
784 1093 909 1156 etiamsi
924 1091 1132 1170 ScholiasteS,
1143 1114 1240 1179 quem

185 1195 361 1282 sequimur,
376 1195 492 1258 diserte
512 1195 609 1273 dicat,
625 1216 682 1280 pro
699 1215 771 1257 vero
789 1194 938 1259 credulus
958 1194 1130 1280 acceperit.
1176 1192 1238 1258 Sed

186 1319 250 1359 non
266 1320 336 1359 cam
356 1305 497 1360 mentem
518 1294 680 1382 scriptoris
701 1318 770 1360 esse
790 1296 934 1373 arbitror,
951 1295 1007 1381 qui
1032 1295 1115 1358 nihil
1136 1295 1239 1383 magis

185 1397 289 1475 docet,
314 1421 411 1484 quam
438 1398 555 1461 formas
580 1398 715 1461 Doricus
743 1397 828 1484 apud
857 1397 1087 1461 Antimachum
1111 1397 1240 1483 saepius,

186 1522 281 1585 quarn
313 1500 398 1584 apud
431 1500 509 1563 alios
538 1499 681 1563 heroicos
711 1508 831 1585 poetas,
861 1499 1045 1562 occurrisse.
1108 1499 1153 1564 Et
1183 1500 1242 1563 hoe

187 1602 291 1685 ipsum
308 1601 432 1686 aliquot
447 1623 559 1664 versus
574 1601 604 1664 in
620 1601 764 1686 reliquiis
779 1601 981 1679 confirmant,
995 1602 1022 1664 si
1037 1601 1239 1666 librariorum

187 1703 282 1766 tidem
300 1702 330 1764 in
347 1703 465 1767 talibus
487 1703 577 1789 sequi
603 1703 711 1779 licet.†
766 1701 909 1766 Fuerunt
932 1723 1059 1788 nempe,
1075 1704 1162 1768 sicut
1183 1705 1241 1767 lin-

187 1829 259 1891 guae
277 1806 401 1868 Groecae
419 1806 584 1882 universas,
602 1804 645 1867 ita
657 1803 786 1867 dialecti
802 1804 972 1890 cujusque,
987 1826 1051 1867 non
1067 1827 1196 1892 semper
1209 1815 1240 1869 et

189 1907 308 1993 ubique
329 1930 392 1969 una
416 1917 513 1993 atque
533 1915 688 1990 perpetua
710 1906 821 1983 l'orrna,
844 1927 909 1990 qua
932 1905 1047 1996 Graejce
1070 1907 1239 1994 loquentes

185 2007 424 2093 scribentesque
448 2007 493 2069 uti
518 2007 697 2070 debuerint.
746 2007 850 2070 lmmo
870 2006 977 2092 potius
999 2006 1108 2092 plures
1132 2009 1166 2071 in
1190 2009 1239 2070 his

186 2109 378 2170 mutationes
395 2119 534 2192 ternpore
551 2109 643 2171 factae
660 2118 745 2186 sunt,
763 2118 798 2172 ut
818 2108 889 2194 ipsa
909 2130 958 2171 res
979 2119 1013 2173 et
1031 2110 1113 2174 ratio
1133 2110 1237 2174 docet.

186 2208 245 2271 etsi
263 2230 319 2271 nos
336 2209 476 2294 quidem,
493 2211 523 2272 in
541 2220 631 2273 tanto
647 2219 927 2274 monumentorum
940 2210 1119 2298 naufragio,
1136 2235 1239 2297 pauca

186 2309 239 2372 hic
260 2310 300 2372 ad
321 2310 482 2395 liquidum
504 2312 677 2396 perducere
697 2313 866 2398 possimus.
913 2313 974 2389 lta,
991 2314 1047 2399 qui
1073 2325 1147 2400 post
1174 2315 1239 2379 llo-

187 2434 308 2474 merum
327 2423 482 2477 venerunt
504 2426 607 2498 poetae
631 2414 723 2499 epici,
739 2436 938 2501 quamquam
962 2415 994 2477 in
1022 2415 1170 2500 plurimis
1191 2418 1239 2481 usi

187 2538 249 2578 non
267 2515 329 2578 alia
344 2516 492 2595 dialecto,
508 2538 606 2603 qnam
623 2516 730 2579 Ionica
747 2516 855 2594 veteri,
871 2539 937 2602 qua
954 2514 1084 2580 Homeri
1100 2519 1241 2582 carmina

153 2643 158 2653 ·
185 2618 302 2704 scripta
318 2629 404 2696 sunt,
415 2618 489 2681 hine
506 2619 580 2682 inde
597 2628 701 2680 tamen
718 2618 866 2682 videntur
877 2619 917 2681 ab
931 2618 1113 2682 haenorma
1128 2620 1240 2686 leviter

186 2722 370 2799 recessisse3
403 2721 489 2807 quod
511 2730 544 2784 et
564 2720 655 2783 aliter
676 2719 743 2783 fieri
762 2741 824 2782 non
848 2730 980 2805 poterat,
996 2745 1099 2808 quum
1123 2725 1240 2788 seribe-

187 2833 268 2900 rent,
284 2833 320 2886 ut
337 2823 587 2909 intelligerentur
602 2822 643 2884 ab
659 2821 850 2906 aequalibus,
898 2821 1040 2886 Pertinet
1053 2823 1118 2888 huc
1131 2826 1238 2904 etiarn,

186 2927 273 3010 quod
301 2925 475 2988 Homerum
503 2933 534 2987 et
558 2924 662 3008 ipsum
691 2923 819 2986 Doricis
845 2922 954 2986 formis
981 2925 1119 2990 subinde
1145 2951 1239 2992 usum

186 3026 396 3088 Grammatiei
418 3026 493 3088 olim
513 3033 702 3088 statuerunt.
748 3024 810 3088 Sed
836 3025 907 3089 illos
930 3027 990 3090 hoe
1009 3027 1090 3092 forte
1112 3029 1239 3119 fefellit,

185 3127 283 3211 quod,
306 3151 379 3213 quae
395 3127 568 3212 antiquiori
585 3149 651 3190 aevo
666 3127 813 3212 pluribus
833 3129 1014 3192 communia
1032 3129 1183 3212 luissent,
1203 3156 1240 3197 ea

187 3229 287 3292 serius
311 3229 364 3292 uni
391 3229 518 3292 Doricae
543 3229 681 3293 dialecto
707 3230 835 3315 propria
861 3231 1023 3294 videbant.
1072 3231 1239 3299 Postremo

226 3488 241 3518 *
264 3485 362 3542 Schol.
380 3483 506 3542 Nicand.
520 3483 605 3541 Ther.
621 3486 648 3542 3.
658 3482 788 3544 Ἔστινὸ
804 3487 955 3564 Νίκανδρος
971 3492 1096 3560 ζηλωτὴς
1104 3492 1240 3572 Ἀντιμά-

184 3597 247 3655 χον·
264 3577 357 3656 διόπερ
372 3583 488 3642 πολλοῖς
503 3580 587 3634 αὑτοῦ
600 3580 740 3654 κέχρηται.
784 3581 837 3637 Διὸ
853 3584 896 3637 καὶ
916 3582 946 3638 ἕν
960 3583 1043 3647 ἐνίοις
1059 3588 1189 3660 Δωρίζει,
1205 3593 1240 3654 ὡς

185 3679 227 3727 καὶ
243 3678 292 3726 νῦν
303 3671 333 3728 ἓν
344 3675 381 3748 τῷ
391 3680 480 3727 παῶν·
493 3680 572 3739 πηῶν
587 3670 643 3746 γάρ
657 3671 726 3739 ἔστι,
741 3671 758 3727 ὅ
776 3673 834 3730 ἐστι
857 3683 1014 3746 συγγενῶν.
1058 3674 1090 3731 Si
1110 3675 1241 3753 pluribus

184 3760 270 3835 igitur
286 3760 450 3818 Antimachi
466 3760 613 3818 vocabulis
629 3759 777 3818 Nicander
792 3782 861 3819 usus
874 3773 927 3833 est,
943 3765 1117 3838 mirandum,
1135 3769 1163 3826 id
1181 3790 1237 3828 non

183 3852 291 3929 saepius
311 3851 338 3909 in
360 3851 476 3910 scholiis
498 3853 615 3911 moneri.
660 3854 735 3910 Nam
758 3855 845 3912 semel
868 3866 980 3914 tantum
1007 3858 1127 3932 facturn,
1149 3882 1176 3920 v.
1202 3864 1238 3922 ad

184 3945 231 4002 Fr.
247 3944 319 4002 LlV.
337 3944 422 4002 Forte
437 3945 525 4002 ethic
541 3945 658 4002 meliora
669 3946 817 4016 sciremus,
828 3948 850 4004 si
865 3949 1069 4026 antiquiorum,
1082 3953 1132 4028 qui
1146 3954 1241 4032 plures

184 4037 309 4106 luerunt,
326 4036 353 4092 in
373 4035 552 4094 Nicandrum
568 4037 676 4096 scholia
693 4038 873 4098 haberemus.

225 4138 242 4196 †
266 4126 302 4185 V.
321 4127 365 4183 Fr.
382 4127 433 4183 lll.
447 4128 483 4187 V.
500 4129 612 4186 XVlll.
