2880 4792
92 373 99 385 ,
182 285 229 352 3⁴¹
486 305 709 355 currulem
731 301 936 358 aerioma.

182 452 399 538 grammaticae
415 466 447 518 ut
462 455 581 518 criticae
590 455 667 519 artis
677 453 830 538 originem
840 450 881 514 ad
896 441 1104 511 Aristotelem
1112 437 1243 501 demum

185 575 204 615 a
219 552 325 616 Dione
342 553 508 635 Prusoeo,*
525 556 664 643 aliisque
680 553 798 630 referri,
813 562 901 616 ntea
918 570 970 612 ars
989 543 1065 608 belli
1084 539 1243 625 Pelopon-

186 653 304 717 nesiaci
333 664 473 741 ternpore
497 657 630 721 vixdum
655 654 778 721 homini
805 672 923 717 nomen
948 646 1066 712 addere
1094 639 1244 729 potuerit.

185 755 344 834 Accessit,
359 759 447 843 quod
463 768 496 822 ct
509 780 595 823 nunc
611 780 662 821 me
678 755 807 843 pungit,
823 752 1024 837 dubiumque
1038 745 1157 824 reddit,
1169 763 1246 806 eun-

186 856 259 921 dem
290 858 520 945 philosophum
549 860 647 945 vulgo
676 859 816 945 primurn
844 852 976 919 Homeri
1006 847 1244 913 emendatorem

187 960 358 1041 numerari,
379 962 476 1026 immo
491 983 572 1040 csse,
587 961 644 1048 qui
662 959 863 1023 Zenodotum
879 952 1056 1041 Ephesium
1073 947 1246 1036 prodant.†

188 1060 240 1123 lta
254 1062 362 1126 Suidae
378 1085 513 1128 errorem
528 1064 581 1127 hic
594 1062 793 1148 suspicabar,
809 1079 908 1142 aquo
924 1055 996 1120 aliis
1010 1052 1110 1118 etiam
1119 1049 1154 1113 in
1165 1047 1246 1112 locis

188 1183 253 1225 non
267 1162 391 1228 alienus
406 1176 467 1244 est,
484 1175 522 1229 ut
536 1173 683 1229 auctores
698 1164 841 1227 diversos
862 1161 945 1224 inter
960 1178 993 1221 sc
1006 1154 1152 1230 misceat,
1173 1148 1248 1212 huic

189 1262 321 1349 quidem
344 1287 442 1351 opera
465 1265 677 1346 detrahendo,
703 1266 748 1329 illi
773 1260 991 1329 attribuendo.
1036 1253 1139 1320 Auxit
1165 1253 1248 1316 hanc

189 1364 405 1449 suspicionem
427 1368 480 1431 ille
506 1369 573 1456 ipse
601 1373 689 1435 locus
715 1365 854 1444 Tatiani,
876 1375 971 1428 antea
994 1361 1064 1446 jam
1088 1379 1130 1423 ex
1160 1363 1248 1443 parte

190 1463 340 1550 allatus,‡
365 1490 430 1553 quo
454 1469 562 1535 forsan
582 1473 665 1536 alius
689 1469 798 1535 Suidae
822 1462 1041 1532 testimonium
1065 1455 1250 1524 confirmari

190 1566 317 1632 dixerit.
365 1569 450 1635 Nam
471 1572 636 1652 intereos,
657 1573 714 1658 qui
735 1571 776 1634 de
798 1570 937 1633 Homero
952 1560 1162 1630 commentati
1176 1559 1251 1635 sint,

191 1689 265 1733 cum
289 1671 424 1756 primurn
449 1675 585 1760 scriptor
605 1671 813 1738 mernorhssct
831 1669 1034 1754 Theagenern
1052 1662 1252 1748 Rheginum,

192 1770 434 1855 Antimachum,
446 1774 661 1854 Herodotnm3
679 1774 720 1838 ad
731 1773 811 1838 alios
824 1793 898 1835 mox
912 1768 1026 1856 pergit,
1038 1763 1251 1839 Zenodotum,

193 1872 426 1953 Aristarchum,
442 1876 689 1954 Callimachum,
705 1897 788 1961 quos
809 1870 1101 1959 Grammaticorum
1123 1864 1250 1930 nomine

193 1992 213 2034 a
228 1974 385 2057 prioribus
400 1976 483 2040 clare
504 1977 686 2064 distinguit.
733 1975 809 2050 Quo
825 1973 922 2038 modo
934 1970 1089 2035 Tatianus
1109 1967 1253 2054 profecto

194 2095 259 2136 non
286 2075 441 2161 loquutus
464 2089 560 2157 esset,
581 2080 608 2143 si
629 2087 773 2143 nostrum
797 2097 854 2162 pro
878 2071 1098 2138 Grammatico
1121 2067 1254 2132 habuis·

195 2186 252 2238 set.
299 2175 420 2241 Contra
443 2177 552 2244 Suidae
574 2181 740 2266 suppetias
760 2178 821 2242 fert
842 2175 1050 2253 Eustathius,
1066 2168 1254 2235 Antimachi

196 2277 296 2340 nostri
322 2280 514 2345 lectionibus
542 2283 575 2346 in
601 2282 743 2346 Homero
772 2278 958 2361 adhibitis}
1004 2273 1255 2338 Cunctationem

197 2386 303 2442 tamen
319 2380 415 2445 etiam
431 2383 492 2447 hoc
508 2383 666 2470 injiceret,
681 2382 742 2446 nisi
757 2403 860 2468 nuper
874 2378 1039 2445 docuisset
1054 2375 1124 2438 Cel.
1141 2372 1256 2436 Villoi-

196 2501 307 2560 sonus,
329 2482 360 2545 in
387 2482 590 2549 Bibliotheca
604 2484 730 2548 Veneta
745 2483 887 2548 codicem
904 2478 1036 2545 Homeri
1052 2477 1164 2556 latere,
1179 2497 1255 2539 cum

197 2582 267 2646 aliis
283 2584 394 2649 multis
407 2586 697 2650 Grammaticorum
712 2594 855 2649 veterum
867 2582 963 2662 notiS,
976 2577 1163 2644 Antimachi
1176 2599 1257 2663 quo·

198 2706 273 2770 que,
293 2687 488 2752 celeberrimi
503 2698 605 2776 poetae
621 2685 827 2772 Colophonii,
842 2685 881 2748 ad
901 2684 1076 2747 Homerum
1092 2679 1259 2756 lectiones,

198 2809 318 2873 easque
342 2812 380 2853 ex
408 2791 534 2855 duabus
558 2789 693 2854 diversis
718 2790 788 2874 ejus
819 2785 1016 2852 editionibus
1039 2780 1258 2858 exhibentem,

199 2891 251 2974 cuj
258 2913 295 2953 us
315 2892 419 2976 operis
441 2891 582 2977 insignes
600 2892 709 2977 copias
724 2890 876 2976 deinceps
892 2888 1052 2953 editumm
1067 2905 1102 2948 se
1118 2882 1172 2946 ille
1187 2903 1260 2968 pro-

201 2990 300 3054 misit.
310 2991 322 3072 ΙΙ
369 2990 420 3055 lta
435 2991 619 3056 incertiores
635 3014 720 3056 nunc
736 3014 849 3056 sumus
861 3012 961 3077 quam
976 2995 1081 3065 antea,
1096 2995 1130 3050 et
1144 3006 1164 3048 a
1177 2983 1259 3061 Viri,

243 3228 258 3260 '¹
281 3225 370 3284 Dion.
386 3226 469 3285 Orat.
493 3228 573 3286 Llll.
589 3228 624 3286 T.
642 3229 681 3285 ll.
702 3249 731 3306 p.
748 3231 818 3286 274.
840 3227 896 3285 Ed.
916 3226 1014 3285 Reislr.
1054 3224 1261 3302 Ἀριστοτέλης,

203 3321 249 3400 ἀφ’
263 3317 295 3378 οὗ
306 3323 374 3399 φασὶ
385 3323 435 3389 τὴν
446 3324 566 3399 κριτικήν
577 3346 605 3380 τε
620 3324 664 3378 καὶ
677 3325 873 3400 γραμματικὴν
883 3323 977 3398 ἀρχὴν
988 3317 1101 3392 λαβεῖν.

244 3433 263 3494 †
285 3423 321 3480 V.
340 3423 544 3482 KiisteriHist.
560 3424 623 3483 crit.
642 3424 730 3482 Hom.
749 3424 788 3482 ll.
805 3427 833 3482 5.
850 3429 874 3496 t.
889 3426 914 3481 3.

246 3524 257 3587 1
281 3516 317 3572 V.
334 3535 399 3593 pag.
418 3518 462 3574 10.
490 3515 560 3573 Not.
577 3536 606 3573 x.

244 3611 258 3678 t
280 3607 316 3665 V.
333 3607 468 3666 Eustath.
489 3607 653 3667 Commeat.
676 3606 713 3665 ad
734 3605 768 3663 ll.
788 3626 816 3685 p.
836 3608 924 3675 1243,
941 3604 960 3663 l.
977 3606 1027 3674 40,
1043 3613 1072 3661 et
1087 3605 1175 3673 1334,
1196 3602 1216 3662 l.
1233 3604 1262 3672 8,

205 3698 251 3756 ed.
268 3699 423 3771 Romanae,
439 3718 526 3776 quam
539 3699 694 3758 editionem
710 3697 882 3777 plerumque
894 3696 1030 3755 adhibere
1046 3695 1139 3773 potui,
1154 3714 1262 3773 excep-

205 3789 242 3848 tis
256 3790 368 3868 aliquot
380 3790 461 3861 loeis,
477 3790 526 3848 ubi
541 3790 701 3848 Basileensi
715 3799 871 3848 contentus
885 3808 947 3847 esse
960 3788 1113 3847 debebam.

247 3887 259 3954 11
282 3883 314 3940 ln
331 3882 473 3942 Anecdot.
492 3883 544 3941 Gr.
562 3885 647 3952 1781,
663 3881 793 3940 Venetiis
810 3881 907 3952 editis,
921 3881 956 3938 T.
973 3881 1013 3939 ll.
1030 3899 1057 3958 p.
1075 3881 1140 3936 183.
1191 3880 1264 3938 Mox

205 3994 323 4053 quoque
346 3995 375 4053 p.
394 3977 460 4032 185.
478 3974 584 4052 prodit,
599 3975 625 4031 in
640 3973 743 4032 eodem
761 3973 862 4031 codice
881 3973 974 4031 inesse
996 3969 1163 4029 Antimachi
1186 3971 1265 4047 frag·

206 4079 305 4127 menta
321 4068 384 4127 alia.
426 4067 480 4125 His
502 4067 575 4125 forte
598 4065 756 4143 aliquando
779 4065 826 4123 hic
852 4064 1007 4124 fasciculus
1026 4063 1141 4140 egregie
1164 4063 1265 4139 augeri

208 4161 321 4238 poterit.
