2880 4792
299 315 346 383 78
458 410 463 417 ¹
608 335 1057 391 asrrnscnrrrauroune.

298 482 365 567 ipae
390 481 485 545 tidem
512 481 618 561 saciat,
643 504 702 548 nec
728 483 755 546 is
782 492 893 547 auctor
917 492 1043 569 poetam
1070 490 1218 546 nostrum
1243 479 1276 542 in
1298 478 1355 542 alio

297 603 392 667 opere
406 604 539 669 usquam
555 583 596 646 ad
613 592 720 670 partes
732 585 904 671 'vocaverit

786 904 880 969 XXl.

426 1097 617 1203 Ἄδραστον
637 1098 669 1182 di
688 1100 782 1207 piros
802 1100 911 1192 ἵππος
931 1100 1081 1183 dairaco
1101 1104 1229 1208 Ἀρίων.

301 1324 355 1386 Vrr
365 1344 431 1386 nur
445 1335 522 1388 sunt
537 1346 576 1388 ex
593 1325 788 1411 Apollodoro
804 1323 867 1402 ΙΙΙ,
880 1325 911 1388 6.
928 1326 971 1404 8.,
980 1346 1076 1411 quem
1088 1325 1197 1388 locum
1209 1325 1359 1412 equidem

300 1446 358 1512 pro
371 1425 479 1512 spurio
496 1447 559 1490 non
575 1425 751 1503 habuerim,
769 1427 922 1513 quoniam
939 1427 1076 1512 scriptor
1091 1435 1276 1506 accuratae,
1293 1450 1361 1490 nar-

301 1528 377 1591 ratis
392 1526 525 1590 aliorum
539 1527 660 1592 ducum
681 1528 720 1591 ad
738 1527 866 1592 Thebas
882 1527 971 1605 satie,
987 1527 1040 1591 hic
1061 1527 1191 1590 Adrasti
1207 1528 1361 1592 celebrem

299 1627 409 1715 sugam
433 1637 538 1693 tacere
560 1629 613 1691 vix
639 1630 754 1716 potuit.
801 1631 845 1692 At
868 1650 926 1692 cur
951 1629 1013 1692 ista
1039 1628 1123 1691 inter
1146 1628 1362 1693 Antimachea

302 1729 474 1808 retulerim,
498 1728 580 1808 haec,
604 1731 679 1794 licet
702 1730 781 1794 forte
803 1730 950 1808 debilior,
968 1752 1067 1794 causa
1089 1740 1151 1808 est,
1170 1730 1259 1816 quod
1285 1729 1362 1792 Bar·

300 1832 388 1896 thius
409 1831 448 1895 ad
472 1830 553 1896 Stat.
568 1831 628 1894 Th.
648 1831 694 1910 ΙΙ,
716 1833 783 1896 197.
799 1831 830 1893 in
850 1831 994 1917 margine
1014 1830 1085 1894 cod.
1105 1830 1248 1895 Palatini
1264 1832 1364 1917 Apol-

303 1933 402 1997 lodori
427 1933 531 1997 verbis
556 1933 719 2020 adjectum
744 1933 895 2020 reperisse
919 1954 952 1996 se
979 1942 1131 1996 testatur:
1155 1931 1361 2019 Ἀντιμάχου.

303 2035 395 2098 Latet
423 2035 507 2097 enim
535 2034 634 2121 hujus
665 2034 785 2120 adjecti
815 2033 998 2098 auctoritas.
1044 2032 1224 2098 Verborum
1256 2047 1360 2098 tamen

302 2135 425 2200 numeri
450 2157 581 2199 manum
603 2136 720 2201 heroici
747 2145 848 2222 poetae
870 2137 1001 2221 prodere
1022 2135 1182 2199 videntur.
1229 2136 1315 2200 Nem
1331 2137 1362 2199 in

301 2239 438 2303 solutam
453 2239 628 2303 orationem
645 2238 794 2326 quamvis
816 2237 951 2301 subinde
967 2237 1146 2302 hexametri
1162 2238 1291 2302 initium
1307 2247 1363 2302 aut

299 2340 445 2403 clausula
471 2339 640 2426 irrepserit,
664 2341 826 2426 integrum
853 2348 961 2403 tamen
990 2361 1115 2403 versum
1141 2339 1361 2405 hexametrum

300 2440 378 2505 mihi
399 2440 544 2527 quidem,
569 2441 601 2503 in
621 2441 745 2504 Graecis
767 2449 862 2519 certe,
883 2441 1028 2504 nondum
1050 2441 1228 2505 occurrisse
1253 2441 1361 2506 fateor.

300 2542 419 2606 Verum
445 2564 566 2622 versus,
583 2551 618 2606 ut
642 2564 728 2606 nunc
751 2551 812 2621 est,
836 2564 951 2629 parum
975 2543 1073 2606 habet
1095 2543 1212 2628 poetici
1237 2543 1365 2622 coloris,

209 2687 213 2694 -
300 2646 357 2709 sed
374 2644 460 2708 hunc
478 2645 644 2708 restituere
660 2644 766 2708 conati
783 2652 860 2708 sunt
876 2642 1033 2707 Barthius
1048 2644 1069 2707 Ι.
1084 2666 1113 2707 c.
1129 2653 1162 2707 et
1176 2643 1248 2708 Cel.
1267 2644 1362 2710 Mits·

299 2745 439 2811 cherlich
456 2745 561 2831 Epist.
579 2744 658 2808 Crit.
675 2768 706 2831 p.
723 2747 788 2824 33,
803 2745 855 2808 hic
867 2745 998 2831 quidem
1014 2745 1149 2809 feliciter
1162 2746 1229 2808 sic:

460 2919 643 3006 Ἀδραστον
659 2917 690 2986 δὲ
705 2921 808 3003 μόνον
825 2917 894 2995 δῖος
911 2917 1057 2985 διέσωσεν
1071 2919 1201 3005 Ἀρίων,

302 3098 444 3185 epitheto
457 3118 496 3160 ex
513 3095 652 3160 Homero
672 3095 1008 3160 desumto-Adrasti
1024 3118 1041 3159 e
1056 3094 1175 3160 Thebis
1197 3096 1278 3184 fuga
1290 3120 1363 3163 cunr

302 3199 431 3279 Arionis
448 3198 617 3261 velocitate
637 3198 775 3261 multum
796 3196 949 3260 celebrari
971 3219 990 3261 a
1010 3197 1113 3283 poetis
1130 3198 1253 3264 debuit.
1300 3199 1362 3263 Sed

302 3303 402 3391 quaeri
420 3302 506 3380 licet,
522 3321 580 3363 cur
599 3300 632 3362 in
652 3299 730 3385 fuga
751 3298 893 3375 Adrasti,
909 3298 966 3386 qui
987 3307 1107 3376 tamen,
1121 3308 1158 3363 ut
1171 3309 1268 3365 antea
1284 3302 1364 3366 vidi-

303 3427 387 3484 mus,
402 3403 488 3490 bigis
503 3412 614 3466 vectus
630 3408 690 3477 est,
704 3407 737 3462 et
758 3398 822 3478 hic,
838 3399 919 3462 etin
940 3399 1071 3464 alterius
1090 3399 1265 3466 Thebaidis
1281 3403 1364 3490 frag-

303 3516 419 3584 mento,
436 3505 476 3568 ad
498 3502 541 3567 N.
558 3499 689 3565 XVlll.
705 3501 813 3580 allato,
830 3500 927 3565 unius
948 3510 1074 3566 tantum
1090 3501 1221 3568 Arionis
1243 3504 1362 3568 mentio

302 3609 368 3672 fiat.
414 3608 466 3669 An
486 3605 641 3682 dicamus,
657 3601 832 3689 equitando
850 3624 923 3666 eum
946 3603 1129 3668 servatum?
1176 3604 1273 3669 Certe
1293 3607 1362 3670 haec

302 3729 365 3786 are,
379 3706 439 3769 etsi
450 3705 611 3768 Thebanis
625 3703 836 3790 Trojanisque
849 3703 1046 3789 temporibus
1061 3704 1093 3767 in
1111 3703 1203 3769 bellis
1219 3707 1360 3771 nondum

304 3815 466 3893 usurpata,
487 3827 552 3869 non
572 3806 703 3870 omnino
727 3814 804 3868 tunc
827 3804 940 3890 ignota
963 3805 1034 3885 fuit,
1053 3807 1142 3892 qnod
1165 3816 1198 3870 et
1221 3806 1363 3872 Centau-

276 3911 279 3917 ’
303 3931 408 3975 rorum
419 3907 551 3994 mythus
566 3907 683 3994 arguit,
693 3918 725 3970 et
741 3907 809 3992 ipse
821 3905 982 3970 Homerus
994 3907 1087 3973 docet
1100 3908 1138 3972 ΙΙ.
1151 3939 1178 3976 κ.
1194 3909 1269 3987 513,
1279 3932 1363 3997 sqq,

304 4009 345 4073 ad
358 4030 456 4096 quern
473 4007 579 4071 locum
598 4029 664 4072 non
680 4029 743 4071 una
758 4028 857 4071 causa
869 4007 1079 4072 difficiliorem
1096 4009 1166 4072 haec
1181 4010 1364 4095 pensicula·

303 4112 369 4176 tius
382 4111 415 4173 in
427 4107 619 4173 lectionibus
634 4108 753 4195 egregii
773 4107 872 4173 nostri
888 4107 1000 4172 Wolfii
1016 4118 1154 4174 tractata
1165 4110 1361 4175 audivimus.
