2880 4792
191 296 238 364 24
497 312 721 361 ax'risiscur
746 312 946 368 neruosus.

193 462 264 527 Nisi
281 461 362 525 forte
377 460 442 525 duo
462 460 587 525 diversa
607 470 754 547 poemata
777 458 837 524 hac
859 459 1069 546 inscriptione
1089 461 1251 526 exstitisse

190 563 309 628 dixeris
320 587 329 641 ς
352 562 407 627 sed
430 562 463 626 id
483 562 596 649 utique
615 571 711 640 esset,
726 571 942 626 commentum
963 583 1047 627 novo
1069 575 1250 629 commento

190 664 360 730 defendere
384 664 473 728 velle.
528 664 591 728 Per
615 685 665 727 me
688 673 793 727 tamen
820 672 931 728 teneas
957 663 1035 728 licet
1061 664 1250 730 Antimachi

192 765 369 854 Epigonos,
384 776 416 830 et
436 765 497 829 nisi
519 766 604 830 ultra
622 764 737 828 horum
757 764 838 830 adeo
862 775 1008 851 tempora
1027 775 1158 852 poetam
1178 789 1250 854 pro-

102 908 106 919 ·
190 869 326 934 cessisse
349 866 537 945 ostenderis,
560 866 673 930 eadem
696 867 841 931 manebit
866 866 900 930 in
924 865 1119 955 Fragments
1144 866 1247 932 XXII

191 970 337 1036 offensio.

237 1072 310 1137 Non
331 1070 433 1156 magis
453 1078 541 1134 certa
565 1069 606 1132 de
629 1069 751 1134 ambitu
774 1068 948 1133 Thebaidis
969 1068 1081 1134 afferre
1104 1078 1246 1157 possum.

193 1173 396 1259 Fragmenta,
411 1194 484 1258 qum
499 1192 574 1235 cum
589 1170 662 1234 libri
678 1180 752 1235 nota
766 1171 951 1250 laudantur,
963 1170 1115 1258 quintum
1130 1171 1248 1236 librum

191 1297 256 1340 non
283 1273 456 1339 excedunt.
512 1272 577 1337 Sed
605 1273 709 1337 multo
732 1271 832 1336 fuisse
855 1272 972 1358 plures,
995 1272 1071 1359 quis
1095 1271 1247 1338 dubitetl

192 1376 296 1440 Immo
319 1395 447 1439 carmen
472 1374 604 1460 longum
628 1382 660 1438 et
678 1373 836 1438 diffusum
859 1374 954 1460 plura
974 1372 1115 1439 suadent
1130 1382 1167 1439 ut
1180 1396 1248 1440 cre·

191 1478 317 1556 damus,
342 1475 523 1562 suspicione
547 1496 587 1540 ex
612 1476 691 1562 ipsis
712 1475 807 1538 etiam
831 1474 975 1562 reliquiis
997 1475 1169 1556 firmanda,
1192 1476 1246 1541 uhi

191 1579 274 1642 libro
289 1577 402 1665 quinto
416 1576 523 1641 adhuc
541 1598 590 1639 res
605 1577 638 1639 in
654 1576 785 1640 Adrasti
800 1577 895 1641 domo
910 1576 978 1662 geri
993 1576 1160 1663 probabile
1175 1578 1247 1642 fit*

193 1679 283 1755 Quid
299 1690 406 1744 autem
422 1679 454 1743 in
470 1677 601 1743 incertis
616 1700 787 1757 moramur,
797 1699 871 1742 cum
886 1678 1043 1742 disertum
1058 1679 1146 1743 adsit
1159 1679 1249 1744 testi·

191 1782 334 1848 monium
351 1780 541 1846 Scholiastae
554 1779 735 1859 Horatiani,
746 1780 842 1866 plane
856 1779 1005 1862 dicentis,
1015 1781 1248 1847 Antimachum
1276 1840 1282 1853 ,

190 1884 359 1949 materiam
370 1905 462 1947 suam
474 1882 520 1946 sic
537 1881 784 1960 extendissent
800 1881 914 1969 viginti
930 1892 1070 1969 quatuor
1084 1883 1248 1948 volumina
1273 1914 1277 1936 ι

191 1985 379 2073 impleverit,
389 1993 563 2070 antequam
578 1992 700 2068 septem
716 1982 815 2047 duces
830 1984 872 2047 ad
886 1983 1014 2048 Thebas
1022 1983 1248 2070 perduceret.†

192 2087 300 2160 Quam
315 2086 452 2148 immane
473 2105 555 2170 opus
575 2084 622 2149 sic
642 2075 732 2148 exire
746 2084 905 2164 debuerit,
922 2107 1027 2171 perse
1043 2095 1142 2171 patet,
1158 2088 1257 2174 quod·

190 2210 255 2253 non
270 2186 428 2251 immerito
442 2185 560 2272 aliquis
576 2184 819 2250 Nonnianorum
833 2186 986 2251 librorum
1003 2209 1173 2252 numerum
1192 2211 1249 2254 ex·

190 2290 302 2354 cedere
317 2287 500 2352 universum
516 2296 648 2351 statuat.

236 2390 344 2455 Nolim
369 2399 475 2453 tamen
499 2410 565 2452 rem
589 2410 664 2452 sane
684 2389 808 2466 miram,
831 2390 873 2453 ab
898 2412 962 2455 uno
985 2400 1018 2455 et
1037 2391 1170 2477 quidem
1191 2393 1248 2458 tali
1290 2412 1293 2417 ·

190 2501 320 2557 auctore
340 2500 503 2569 testatam,
523 2511 580 2577 pro
605 2490 770 2577 explorata
789 2491 910 2556 haberi.
954 2493 1064 2580 Atque
1081 2493 1168 2558 idem
1183 2495 1248 2576 ille,
1292 2520 1295 2535 ¹

190 2603 349 2683 quantum
361 2593 466 2673 video,
478 2615 562 2658 unus
572 2604 682 2657 auctor
693 2602 754 2672 est,
765 2594 817 2657 cui
830 2594 969 2681 vulgaris
981 2595 1089 2682 opinio
1101 2595 1249 2677 debetur,

190 2722 265 2785 quae
285 2697 518 2762 Antimachum
538 2695 669 2782 cyclicis
684 2706 884 2775 annumerat,
899 2697 1036 2784 ejusque
1047 2698 1248 2764 Thebaidem

190 2801 273 2887 cycli
298 2800 380 2887 epici
398 2808 522 2885 partem
538 2798 648 2882 facitss
693 2797 798 2884 Cujus
819 2799 1017 2865 collectionis
1035 2800 1116 2864 ratio
1132 2824 1248 2887 quam·

230 3005 247 3038 ¹⁸
269 3002 306 3059 V.
323 3002 370 3059 Fr.
384 3002 438 3060 IX.
454 3011 483 3059 et
497 3019 561 3078 sqq.
578 3020 612 3059 ex
628 3001 779 3061 Athenaeo.

231 3102 250 3163 †
272 3093 340 3170 Ipsa
351 3093 439 3151 verba
452 3101 520 3150 sunt
535 3092 749 3170 Porphyrionis,
764 3114 851 3173 quem
861 3103 978 3167 vocant,
993 3096 1031 3155 ad
1046 3096 1198 3158 Horath.
1210 3099 1246 3157 P.

190 3205 214 3242 v.
236 3187 302 3244 146.
312 3203 380 3243 cum
394 3183 439 3241 his
454 3183 490 3243 cf.
509 3184 614 3243 Acron.
631 3184 651 3243 l.
669 3205 695 3244 c.
712 3205 771 3263 quo
790 3187 922 3245 nonnulli
941 3187 1109 3267 interpretes
1132 3191 1248 3250 Horatii

190 3275 316 3354 decepti,
331 3275 539 3334 Antimachum
554 3295 629 3335 novo
639 3276 755 3355 insuper
764 3281 891 3337 carmine
901 3280 937 3338 de
950 3281 1102 3340 Diomedis
1115 3283 1214 3341 reditu
1226 3303 1247 3340 a

195 3368 284 3446 Troja
298 3364 453 3426 donbrunt.
495 3367 554 3426 Sed
568 3367 597 3426 id
612 3369 734 3428 Acronis
748 3368 889 3442 scholion,
904 3390 962 3429 non
983 3371 1096 3442 dubito,
1114 3373 1186 3450 quin
1208 3374 1247 3433 ab

189 3458 307 3519 indocta
321 3468 352 3518 et
369 3458 525 3518 recentiore
545 3479 634 3519 manu
654 3460 777 3538 margini
796 3461 960 3539 appositum
982 3463 1026 3522 sit
1067 3465 1205 3524 Ceterum
1221 3467 1246 3526 si

189 3551 355 3630 exemplum
370 3551 488 3629 quaeris,
507 3551 656 3630 quomodo
670 3552 778 3610 labulae
797 3564 929 3613 crescant
949 3554 1056 3626 eundo,
1071 3556 1138 3615 vide
1154 3557 1245 3618 Dale·

190 3662 286 3719 camp.
302 3642 339 3702 ad
355 3642 461 3702 Athen.
479 3643 549 3704 Not.
565 3664 595 3723 p.
612 3648 628 3702 7
632 3647 681 3703 74.
715 3643 801 3703 Unde
816 3647 982 3722 cognoverit
995 3645 1053 3719 ille,
1063 3647 1244 3710 Thebaidem

189 3733 357 3793 Antimachi
372 3743 462 3794 morte
477 3735 667 3814 interruptam
682 3736 782 3809 luisse,
797 3735 853 3797 hoc
868 3739 940 3798 scire
954 3737 1051 3799 velim.

231 3834 244 3896 χ
266 3825 304 3885 V.
319 3824 419 3884 eadem
439 3826 538 3885 Schol.
555 3827 592 3886 ad
610 3848 637 3886 v.
656 3829 723 3887 136.
744 3828 793 3886 ubi
815 3829 936 3889 Acronis
952 3830 1041 3890 fertur
1060 3830 1173 3891 misella
1191 3835 1246 3893 ob-

188 3917 328 3976 servatio:
364 3917 501 3995 cyclicus
517 3929 608 3995 poeta
629 3929 682 3992 est,
701 3922 753 3998 qm'
769 3923 899 3980 ordinem
916 3925 1033 3982 variare
1056 3926 1166 3990 nescit,⁸
1198 3928 1248 3985 vel

186 4012 238 4088 qm'
253 4012 384 4069 carmina
400 4030 455 4067 sua
469 4012 653 4087 circumfert,
670 4013 757 4090 quasi
777 4014 1047 4090 circumforaneus:
1071 4025 1125 4074 aut
1140 4037 1244 4078 nomen

181 4105 333 4178 proprium
348 4112 391 4162 est
406 4102 554 4180 Cyclicus,
567 4112 597 4161 et
610 4105 761 4182 siqnificat
775 4105 985 4166 Antimachum
994 4116 1124 4183 poetam.
1160 4108 1245 4179 ,Inde
