<?xml version="1.0" encoding="UTF-8"?>
<!DOCTYPE html PUBLIC "-//W3C//DTD XHTML 1.0 Transitional//EN"
    "http://www.w3.org/TR/xhtml1/DTD/xhtml1-transitional.dtd">
<html xmlns="http://www.w3.org/1999/xhtml" xml:lang="en" lang="en">
 <head>
  <title>
</title>
<meta http-equiv="Content-Type" content="text/html;charset=utf-8" />
  <meta name='ocr-system' content='tesseract 3.04.00' />
  <meta name='ocr-capabilities' content='ocr_page ocr_carea ocr_par ocr_line ocrx_word'/>
</head>
<body>
  <div class='ocr_page' id='page_1' title='image "./antimachicoloph00antigoog_0077.png"; bbox 0 0 2880 4792; ppageno 0'>
   <div class='ocr_carea' id='block_1_1' title="bbox 283 306 1036 379">
    <p class='ocr_par' dir='ltr' id='par_1_1' title="bbox 283 306 1036 379">
     <span class='ocr_line' id='line_1_1' title="bbox 283 306 1036 379; baseline -0.005 -6"><span class='ocrx_word' id='word_1_1' title='bbox 283 306 331 373; x_wconf 81' lang='lat'><strong>62</strong></span> <span class='ocrx_word' id='word_1_2' title='bbox 587 322 811 372; x_wconf 77' lang='lat' dir='ltr'><strong>surinacur</strong></span> <span class='ocrx_word' id='word_1_3' title='bbox 834 321 1036 379; x_wconf 76' lang='lat' dir='ltr'><strong>RELtQfflAE.</strong></span> 
     </span>
    </p>
   </div>
   <div class='ocr_carea' id='block_1_2' title="bbox 268 467 1348 3821">
    <p class='ocr_par' dir='ltr' id='par_1_2' title="bbox 268 467 1348 3821">
     <span class='ocr_line' id='line_1_2' title="bbox 282 467 1346 548; baseline -0.006 -12"><span class='ocrx_word' id='word_1_4' title='bbox 282 473 360 536; x_wconf 89' lang='lat' dir='ltr'><strong>licet</strong></span> <span class='ocrx_word' id='word_1_5' title='bbox 383 469 573 535; x_wconf 85' lang='lat' dir='ltr'><strong>Aristoteles</strong></span> <span class='ocrx_word' id='word_1_6' title='bbox 599 471 655 535; x_wconf 94' lang='lat' dir='ltr'><strong>illo</strong></span> <span class='ocrx_word' id='word_1_7' title='bbox 679 471 760 548; x_wconf 90' lang='lat' dir='ltr'><strong>loco,</strong></span> <span class='ocrx_word' id='word_1_8' title='bbox 781 470 838 535; x_wconf 89' lang='lat' dir='ltr'><strong>ubi</strong></span> <span class='ocrx_word' id='word_1_9' title='bbox 859 470 901 535; x_wconf 91' lang='lat' dir='ltr'><strong>de</strong></span> <span class='ocrx_word' id='word_1_10' title='bbox 921 469 1019 534; x_wconf 81' lang='lat' dir='ltr'><strong>variis</strong></span> <span class='ocrx_word' id='word_1_11' title='bbox 1040 467 1145 534; x_wconf 90' lang='lat' dir='ltr'><strong>modis</strong></span> <span class='ocrx_word' id='word_1_12' title='bbox 1169 468 1346 533; x_wconf 86' lang='lat' dir='ltr'><strong>orationem</strong></span> 
     </span>
     <span class='ocr_line' id='line_1_3' title="bbox 281 570 1348 659; baseline -0.003 -23"><span class='ocrx_word' id='word_1_13' title='bbox 281 572 389 638; x_wconf 81' lang='lat' dir='ltr'><strong>verbis</strong></span> <span class='ocrx_word' id='word_1_14' title='bbox 400 572 576 658; x_wconf 71' lang='lat' dir='ltr'><strong>ampliandi</strong></span> <span class='ocrx_word' id='word_1_15' title='bbox 589 574 671 659; x_wconf 87' lang='lat' dir='ltr'><strong>agit,</strong></span> <span class='ocrx_word' id='word_1_16' title='bbox 684 572 871 637; x_wconf 88' lang='lat' dir='ltr'><strong>Antimachi</strong></span> <span class='ocrx_word' id='word_1_17' title='bbox 884 572 988 637; x_wconf 89' lang='lat' dir='ltr'><strong>utitur</strong></span> <span class='ocrx_word' id='word_1_18' title='bbox 999 570 1158 658; x_wconf 83' lang='lat' dir='ltr'><strong>exemplo,</strong></span> <span class='ocrx_word' id='word_1_19' title='bbox 1171 579 1209 634; x_wconf 93' lang='lat' dir='ltr'><strong>ut</strong></span> <span class='ocrx_word' id='word_1_20' title='bbox 1223 570 1348 647; x_wconf 91' lang='lat' dir='ltr'><strong>doceat,</strong></span> 
     </span>
     <span class='ocr_line' id='line_1_4' title="bbox 281 672 1348 761; baseline -0.003 -22"><span class='ocrx_word' id='word_1_21' title='bbox 281 684 315 740; x_wconf 86' lang='lat' dir='ltr'><strong>ct</strong></span> <span class='ocrx_word' id='word_1_22' title='bbox 333 675 421 738; x_wconf 89' lang='lat' dir='ltr'><strong>illam</strong></span> <span class='ocrx_word' id='word_1_23' title='bbox 443 674 597 739; x_wconf 89' lang='lat' dir='ltr'><strong>rationem</strong></span> <span class='ocrx_word' id='word_1_24' title='bbox 620 676 735 739; x_wconf 87' lang='lat' dir='ltr'><strong>bonam</strong></span> <span class='ocrx_word' id='word_1_25' title='bbox 755 684 789 738; x_wconf 90' lang='lat' dir='ltr'><strong>et</strong></span> <span class='ocrx_word' id='word_1_26' title='bbox 807 675 989 761; x_wconf 82' lang='lat' dir='ltr'><strong>elegantem</strong></span> <span class='ocrx_word' id='word_1_27' title='bbox 1012 694 1093 752; x_wconf 87' lang='lat' dir='ltr'><strong>esse,</strong></span> <span class='ocrx_word' id='word_1_28' title='bbox 1111 673 1139 736; x_wconf 90' lang='lat' dir='ltr'><strong>si</strong></span> <span class='ocrx_word' id='word_1_29' title='bbox 1159 672 1236 759; x_wconf 86' lang='lat' dir='ltr'><strong>quis</strong></span> <span class='ocrx_word' id='word_1_30' title='bbox 1258 672 1293 736; x_wconf 88' lang='lat' dir='ltr'><strong>in</strong></span> <span class='ocrx_word' id='word_1_31' title='bbox 1316 695 1348 736; x_wconf 93' lang='lat' dir='ltr'><strong>re</strong></span> 
     </span>
     <span class='ocr_line' id='line_1_5' title="bbox 281 774 1345 863; baseline -0.003 -23"><span class='ocrx_word' id='word_1_32' title='bbox 281 776 501 841; x_wconf 79' lang='lat' dir='ltr'><strong>laudandam</strong></span> <span class='ocrx_word' id='word_1_33' title='bbox 522 776 593 863; x_wconf 89' lang='lat' dir='ltr'><strong>ipsa</strong></span> <span class='ocrx_word' id='word_1_34' title='bbox 611 786 848 854; x_wconf 88' lang='lat' dir='ltr'><strong>commemoret,</strong></span> <span class='ocrx_word' id='word_1_35' title='bbox 863 799 938 863; x_wconf 80' lang='lat' dir='ltr'><strong>quae</strong></span> <span class='ocrx_word' id='word_1_36' title='bbox 958 776 1000 839; x_wconf 90' lang='lat' dir='ltr'><strong>rei</strong></span> <span class='ocrx_word' id='word_1_37' title='bbox 1017 798 1082 839; x_wconf 93' lang='lat' dir='ltr'><strong>non</strong></span> <span class='ocrx_word' id='word_1_38' title='bbox 1101 775 1213 839; x_wconf 82' lang='lat' dir='ltr'><strong>insint.</strong></span> <span class='ocrx_word' id='word_1_39' title='bbox 1260 774 1345 837; x_wconf 90' lang='lat' dir='ltr'><strong>Nam</strong></span> 
     </span>
     <span class='ocr_line' id='line_1_6' title="bbox 280 876 1346 965; baseline -0.001 -22"><span class='ocrx_word' id='word_1_40' title='bbox 280 880 326 943; x_wconf 86' lang='lat' dir='ltr'><strong>ita</strong></span> <span class='ocrx_word' id='word_1_41' title='bbox 347 879 533 965; x_wconf 81' lang='lat' dir='ltr'><strong>accipienda</strong></span> <span class='ocrx_word' id='word_1_42' title='bbox 550 889 627 943; x_wconf 88' lang='lat' dir='ltr'><strong>sunt</strong></span> <span class='ocrx_word' id='word_1_43' title='bbox 646 879 753 943; x_wconf 84' lang='lat' dir='ltr'><strong>dicta:</strong></span> <span class='ocrx_word' id='word_1_44' title='bbox 779 885 828 944; x_wconf 78' lang='grc' dir='ltr'><strong>καὶ</strong></span> <span class='ocrx_word' id='word_1_45' title='bbox 849 880 885 944; x_wconf 83' lang='grc' dir='ltr'><strong>τὸ</strong></span> <span class='ocrx_word' id='word_1_46' title='bbox 906 879 1102 964; x_wconf 76' lang='grc' dir='ltr'>Ἀντιμάχου</span> <span class='ocrx_word' id='word_1_47' title='bbox 1124 881 1296 964; x_wconf 78' lang='grc' dir='ltr'>χρήσιμον,</span> <span class='ocrx_word' id='word_1_48' title='bbox 1312 876 1346 952; x_wconf 78' lang='grc' dir='ltr'><strong>ἐξ</strong></span> 
     </span>
     <span class='ocr_line' id='line_1_7' title="bbox 282 977 1346 1067; baseline -0.003 -20"><span class='ocrx_word' id='word_1_49' title='bbox 282 985 328 1047; x_wconf 82' lang='grc' dir='ltr'><strong>ὧν</strong></span> <span class='ocrx_word' id='word_1_50' title='bbox 350 985 392 1065; x_wconf 81' lang='grc' dir='ltr'><strong>μὴ</strong></span> <span class='ocrx_word' id='word_1_51' title='bbox 413 982 476 1067; x_wconf 74' lang='grc' dir='ltr'>ἔχει</span> <span class='ocrx_word' id='word_1_52' title='bbox 493 980 639 1067; x_wconf 60' lang='lat' dir='ltr'><strong>Mysum&amp;</strong></span> <span class='ocrx_word' id='word_1_53' title='bbox 661 983 778 1056; x_wconf 75' lang='grc' dir='ltr'>ἐκεῖνος</span> <span class='ocrx_word' id='word_1_54' title='bbox 796 989 878 1046; x_wconf 80' lang='grc' dir='ltr'>ποιεῖ</span> <span class='ocrx_word' id='word_1_55' title='bbox 897 984 945 1046; x_wconf 78' lang='grc' dir='ltr'><strong>ἐπὶ</strong></span> <span class='ocrx_word' id='word_1_56' title='bbox 965 987 1022 1045; x_wconf 82' lang='grc' dir='ltr'><strong>τοῦ</strong></span> <span class='ocrx_word' id='word_1_57' title='bbox 1038 986 1236 1062; x_wconf 78' lang='grc' dir='ltr'>Τευμησσοῦ·</span> <span class='ocrx_word' id='word_1_58' title='bbox 1253 977 1346 1045; x_wconf 85' lang='grc' dir='ltr'>Ἔστι</span> 
     </span>
     <span class='ocr_line' id='line_1_8' title="bbox 281 1079 1346 1168; baseline -0.001 -22"><span class='ocrx_word' id='word_1_59' title='bbox 281 1111 329 1158; x_wconf 90' lang='grc' dir='ltr'><strong>τις</strong></span> <span class='ocrx_word' id='word_1_60' title='bbox 354 1114 382 1158; x_wconf 92' lang='grc' dir='ltr'><strong>η.</strong></span> <span class='ocrx_word' id='word_1_61' title='bbox 407 1109 435 1147; x_wconf 92' lang='grc' dir='ltr'><strong>ο.</strong></span> <span class='ocrx_word' id='word_1_62' title='bbox 460 1081 491 1146; x_wconf 89' lang='grc' dir='ltr'><strong>λ.</strong></span> <span class='ocrx_word' id='word_1_63' title='bbox 517 1080 649 1155; x_wconf 75' lang='grc' dir='ltr'>Αὔξεται</span> <span class='ocrx_word' id='word_1_64' title='bbox 671 1084 735 1168; x_wconf 76' lang='grc' dir='ltr'><strong>γὰρ</strong></span> <span class='ocrx_word' id='word_1_65' title='bbox 757 1082 860 1158; x_wconf 78' lang='grc' dir='ltr'>οὕτως</span> <span class='ocrx_word' id='word_1_66' title='bbox 886 1085 931 1156; x_wconf 80' lang='grc' dir='ltr'>εἰς</span> <span class='ocrx_word' id='word_1_67' title='bbox 955 1080 1095 1166; x_wconf 75' lang='grc' dir='ltr'>ἄπειρον.</span> <span class='ocrx_word' id='word_1_68' title='bbox 1141 1079 1226 1144; x_wconf 81' lang='lat' dir='ltr'><strong>Cum</strong></span> <span class='ocrx_word' id='word_1_69' title='bbox 1249 1081 1346 1145; x_wconf 82' lang='lat' dir='ltr'><strong>laude</strong></span> 
     </span>
     <span class='ocr_line' id='line_1_9' title="bbox 281 1182 1347 1272; baseline 0.001 -25"><span class='ocrx_word' id='word_1_70' title='bbox 281 1184 391 1272; x_wconf 87' lang='lat' dir='ltr'><strong>itaque</strong></span> <span class='ocrx_word' id='word_1_71' title='bbox 407 1183 459 1248; x_wconf 91' lang='lat' dir='ltr'><strong>hic</strong></span> <span class='ocrx_word' id='word_1_72' title='bbox 476 1195 603 1270; x_wconf 84' lang='lat' dir='ltr'><strong>poetam</strong></span> <span class='ocrx_word' id='word_1_73' title='bbox 620 1184 660 1246; x_wconf 90' lang='lat' dir='ltr'><strong>ad</strong></span> <span class='ocrx_word' id='word_1_74' title='bbox 678 1195 784 1270; x_wconf 84' lang='lat' dir='ltr'><strong>partes</strong></span> <span class='ocrx_word' id='word_1_75' title='bbox 797 1193 890 1248; x_wconf 89' lang='lat' dir='ltr'><strong>vocat</strong></span> <span class='ocrx_word' id='word_1_76' title='bbox 905 1182 1108 1263; x_wconf 89' lang='lat' dir='ltr'><strong>Aristoteles,</strong></span> <span class='ocrx_word' id='word_1_77' title='bbox 1121 1203 1230 1268; x_wconf 89' lang='lat' dir='ltr'><strong>neque</strong></span> <span class='ocrx_word' id='word_1_78' title='bbox 1246 1183 1347 1268; x_wconf 83' lang='grc' dir='ltr'><strong>ὄγκος</strong></span> 
     </span>
     <span class='ocr_line' id='line_1_10' title="bbox 281 1284 1346 1372; baseline -0.002 -22"><span class='ocrx_word' id='word_1_79' title='bbox 281 1297 337 1362; x_wconf 78' lang='grc' dir='ltr'><strong>τῆς</strong></span> <span class='ocrx_word' id='word_1_80' title='bbox 349 1285 478 1365; x_wconf 74' lang='grc' dir='ltr'>λέξεως,</span> <span class='ocrx_word' id='word_1_81' title='bbox 490 1285 531 1349; x_wconf 89' lang='lat' dir='ltr'><strong>dc</strong></span> <span class='ocrx_word' id='word_1_82' title='bbox 545 1308 611 1371; x_wconf 90' lang='lat' dir='ltr'><strong>quo</strong></span> <span class='ocrx_word' id='word_1_83' title='bbox 626 1306 697 1372; x_wconf 90' lang='lat' dir='ltr'><strong>cap.</strong></span> <span class='ocrx_word' id='word_1_84' title='bbox 711 1285 773 1348; x_wconf 88' lang='lat' dir='ltr'><strong>isto</strong></span> <span class='ocrx_word' id='word_1_85' title='bbox 788 1285 879 1363; x_wconf 90' lang='lat' dir='ltr'><strong>dicit,</strong></span> <span class='ocrx_word' id='word_1_86' title='bbox 893 1307 949 1371; x_wconf 88' lang='lat' dir='ltr'><strong>pro</strong></span> <span class='ocrx_word' id='word_1_87' title='bbox 961 1284 1038 1348; x_wconf 85' lang='lat' dir='ltr'><strong>vitio</strong></span> <span class='ocrx_word' id='word_1_88' title='bbox 1053 1284 1208 1349; x_wconf 89' lang='lat' dir='ltr'><strong>orationis</strong></span> <span class='ocrx_word' id='word_1_89' title='bbox 1222 1284 1346 1348; x_wconf 91' lang='lat' dir='ltr'><strong>haben·</strong></span> 
     </span>
     <span class='ocr_line' id='line_1_11' title="bbox 282 1385 1344 1474; baseline -0.001 -24"><span class='ocrx_word' id='word_1_90' title='bbox 282 1389 355 1451; x_wconf 88' lang='lat' dir='ltr'><strong>dus.</strong></span> <span class='ocrx_word' id='word_1_91' title='bbox 404 1387 557 1474; x_wconf 85' lang='lat' dir='ltr'><strong>Explicat</strong></span> <span class='ocrx_word' id='word_1_92' title='bbox 572 1387 774 1451; x_wconf 72' lang='lat' dir='ltr'><strong>Aristotelem</strong></span> <span class='ocrx_word' id='word_1_93' title='bbox 795 1385 1036 1473; x_wconf 91' lang='lat' dir='ltr'><strong>quodammodo</strong></span> <span class='ocrx_word' id='word_1_94' title='bbox 1058 1386 1151 1451; x_wconf 89' lang='lat' dir='ltr'><strong>locus</strong></span> <span class='ocrx_word' id='word_1_95' title='bbox 1170 1385 1344 1450; x_wconf 85' lang='lat' dir='ltr'><strong>Strabonis</strong></span> 
     </span>
     <span class='ocr_line' id='line_1_12' title="bbox 280 1486 1347 1576; baseline -0.003 -23"><span class='ocrx_word' id='word_1_96' title='bbox 280 1490 375 1575; x_wconf 86' lang='lat' dir='ltr'><strong>cujus</strong></span> <span class='ocrx_word' id='word_1_97' title='bbox 395 1490 502 1554; x_wconf 88' lang='lat' dir='ltr'><strong>animo</strong></span> <span class='ocrx_word' id='word_1_98' title='bbox 522 1490 592 1576; x_wconf 87' lang='lat' dir='ltr'><strong>ipsa</strong></span> <span class='ocrx_word' id='word_1_99' title='bbox 615 1488 709 1552; x_wconf 88' lang='lat' dir='ltr'><strong>verba</strong></span> <span class='ocrx_word' id='word_1_100' title='bbox 727 1488 909 1576; x_wconf 83' lang='lat' dir='ltr'><strong>philosophi</strong></span> <span class='ocrx_word' id='word_1_101' title='bbox 930 1489 1099 1553; x_wconf 88' lang='lat' dir='ltr'><strong>obversata</strong></span> <span class='ocrx_word' id='word_1_102' title='bbox 1118 1486 1221 1552; x_wconf 85' lang='lat' dir='ltr'><strong>fuisse</strong></span> <span class='ocrx_word' id='word_1_103' title='bbox 1236 1486 1347 1552; x_wconf 87' lang='lat' dir='ltr'><strong>riden-</strong></span> 
     </span>
     <span class='ocr_line' id='line_1_13' title="bbox 282 1589 1346 1677; baseline 0.002 -23"><span class='ocrx_word' id='word_1_104' title='bbox 282 1602 344 1669; x_wconf 87' lang='lat' dir='ltr'><strong>tur,</strong></span> <span class='ocrx_word' id='word_1_105' title='bbox 359 1593 437 1655; x_wconf 91' lang='lat' dir='ltr'><strong>dum</strong></span> <span class='ocrx_word' id='word_1_106' title='bbox 462 1590 607 1677; x_wconf 81' lang='lat' dir='ltr'><strong>scripsit:</strong></span> <span class='ocrx_word' id='word_1_107' title='bbox 633 1593 651 1656; x_wconf 88' lang='grc' dir='ltr'>ὁ</span> <span class='ocrx_word' id='word_1_108' title='bbox 671 1593 866 1674; x_wconf 83' lang='grc' dir='ltr'>Τευμησσὸς,</span> <span class='ocrx_word' id='word_1_109' title='bbox 887 1590 927 1657; x_wconf 82' lang='grc' dir='ltr'><strong>ὃν</strong></span> <span class='ocrx_word' id='word_1_110' title='bbox 947 1592 1117 1674; x_wconf 80' lang='grc' dir='ltr'>ἐκόσμησεν</span> <span class='ocrx_word' id='word_1_111' title='bbox 1135 1589 1346 1677; x_wconf 73' lang='grc' dir='ltr'>Ἀντίμαχος,</span> 
     </span>
     <span class='ocr_line' id='line_1_14' title="bbox 282 1688 1345 1779; baseline -0.003 -20"><span class='ocrx_word' id='word_1_112' title='bbox 282 1690 332 1759; x_wconf 73' lang='grc' dir='ltr'><strong>διὰ</strong></span> <span class='ocrx_word' id='word_1_113' title='bbox 344 1693 480 1759; x_wconf 80' lang='grc' dir='ltr'>πολλῶν</span> <span class='ocrx_word' id='word_1_114' title='bbox 496 1696 580 1760; x_wconf 78' lang='grc' dir='ltr'>ἐπῶν</span> <span class='ocrx_word' id='word_1_115' title='bbox 594 1693 653 1768; x_wconf 77' lang='grc' dir='ltr'><strong>τὰς</strong></span> <span class='ocrx_word' id='word_1_116' title='bbox 667 1695 710 1775; x_wconf 84' lang='grc' dir='ltr'><strong>μὴ</strong></span> <span class='ocrx_word' id='word_1_117' title='bbox 724 1694 910 1779; x_wconf 71' lang='grc' dir='ltr'>προσούσας</span> <span class='ocrx_word' id='word_1_118' title='bbox 931 1691 1045 1779; x_wconf 77' lang='grc' dir='ltr'>ἀρετὰς</span> <span class='ocrx_word' id='word_1_119' title='bbox 1065 1688 1345 1777; x_wconf 69' lang='grc' dir='ltr'>διαριθμοΰμενος·</span> 
     </span>
     <span class='ocr_line' id='line_1_15' title="bbox 277 1792 1343 1880; baseline -0.001 -21"><span class='ocrx_word' id='word_1_120' title='bbox 277 1793 528 1880; x_wconf 75' lang='grc' dir='ltr'>Ἔστι-λόφος.</span> <span class='ocrx_word' id='word_1_121' title='bbox 574 1793 701 1868; x_wconf 89' lang='lat' dir='ltr'><strong>Quibus</strong></span> <span class='ocrx_word' id='word_1_122' title='bbox 713 1792 847 1879; x_wconf 88' lang='lat' dir='ltr'><strong>subjicit</strong></span> <span class='ocrx_word' id='word_1_123' title='bbox 857 1792 966 1872; x_wconf 91' lang='lat' dir='ltr'><strong>verba,</strong></span> <span class='ocrx_word' id='word_1_124' title='bbox 979 1813 1038 1857; x_wconf 93' lang='lat' dir='ltr'><strong>nos</strong></span> <span class='ocrx_word' id='word_1_125' title='bbox 1051 1813 1166 1878; x_wconf 91' lang='lat' dir='ltr'><strong>parum</strong></span> <span class='ocrx_word' id='word_1_126' title='bbox 1181 1792 1343 1858; x_wconf 86' lang='lat' dir='ltr'><strong>solantia:</strong></span> 
     </span>
     <span class='ocr_line' id='line_1_16' title="bbox 284 1894 1347 1984; baseline -0.002 -22"><span class='ocrx_word' id='word_1_127' title='bbox 284 1900 431 1984; x_wconf 84' lang='grc' dir='ltr'>Γυώριρα</span> <span class='ocrx_word' id='word_1_128' title='bbox 442 1895 474 1965; x_wconf 75' lang='grc' dir='ltr'><strong>δὲ</strong></span> <span class='ocrx_word' id='word_1_129' title='bbox 488 1900 525 1962; x_wconf 82' lang='grc' dir='ltr'><strong>τὰ</strong></span> <span class='ocrx_word' id='word_1_130' title='bbox 542 1898 609 1974; x_wconf 76' lang='grc' dir='ltr'>ἔπη.</span> <span class='ocrx_word' id='word_1_131' title='bbox 655 1895 739 1960; x_wconf 83' lang='grc' dir='ltr'>Νουι</span> <span class='ocrx_word' id='word_1_132' title='bbox 758 1917 832 1960; x_wconf 92' lang='lat' dir='ltr'><strong>cum</strong></span> <span class='ocrx_word' id='word_1_133' title='bbox 853 1895 949 1961; x_wconf 89' lang='lat' dir='ltr'><strong>hodie</strong></span> <span class='ocrx_word' id='word_1_134' title='bbox 968 1917 1006 1959; x_wconf 88' lang='lat' dir='ltr'><strong>ea</strong></span> <span class='ocrx_word' id='word_1_135' title='bbox 1025 1895 1138 1982; x_wconf 83' lang='lat' dir='ltr'><strong>ignota</strong></span> <span class='ocrx_word' id='word_1_136' title='bbox 1157 1894 1234 1976; x_wconf 90' lang='lat' dir='ltr'><strong>sint,</strong></span> <span class='ocrx_word' id='word_1_137' title='bbox 1249 1895 1347 1961; x_wconf 85' lang='lat' dir='ltr'><strong>facile</strong></span> 
     </span>
     <span class='ocr_line' id='line_1_17' title="bbox 282 1996 1345 2084; baseline 0.002 -22"><span class='ocrx_word' id='word_1_138' title='bbox 282 2009 381 2084; x_wconf 91' lang='lat' dir='ltr'><strong>patet,</strong></span> <span class='ocrx_word' id='word_1_139' title='bbox 395 2021 459 2063; x_wconf 92' lang='lat' dir='ltr'><strong>non</strong></span> <span class='ocrx_word' id='word_1_140' title='bbox 475 2009 560 2064; x_wconf 88' lang='lat' dir='ltr'><strong>recte</strong></span> <span class='ocrx_word' id='word_1_141' title='bbox 580 1998 672 2063; x_wconf 89' lang='lat' dir='ltr'><strong>uobis</strong></span> <span class='ocrx_word' id='word_1_142' title='bbox 687 2007 832 2063; x_wconf 87' lang='lat' dir='ltr'><strong>constare</strong></span> <span class='ocrx_word' id='word_1_143' title='bbox 853 1999 894 2062; x_wconf 92' lang='lat' dir='ltr'><strong>de</strong></span> <span class='ocrx_word' id='word_1_144' title='bbox 907 1997 938 2060; x_wconf 81' lang='lat' dir='ltr'><strong>vi</strong></span> <span class='ocrx_word' id='word_1_145' title='bbox 954 1997 1093 2084; x_wconf 86' lang='lat' dir='ltr'><strong>exempli</strong></span> <span class='ocrx_word' id='word_1_146' title='bbox 1108 1997 1152 2062; x_wconf 91' lang='lat' dir='ltr'><strong>ab</strong></span> <span class='ocrx_word' id='word_1_147' title='bbox 1167 1996 1345 2064; x_wconf 80' lang='lat' dir='ltr'><strong>Aristotele</strong></span> 
     </span>
     <span class='ocr_line' id='line_1_18' title="bbox 281 2099 1343 2187; baseline 0.003 -24"><span class='ocrx_word' id='word_1_148' title='bbox 281 2100 424 2177; x_wconf 90' lang='lat' dir='ltr'><strong>adducti,</strong></span> <span class='ocrx_word' id='word_1_149' title='bbox 439 2100 591 2187; x_wconf 89' lang='lat' dir='ltr'><strong>quoniam</strong></span> <span class='ocrx_word' id='word_1_150' title='bbox 604 2099 636 2162; x_wconf 94' lang='lat' dir='ltr'><strong>id</strong></span> <span class='ocrx_word' id='word_1_151' title='bbox 659 2099 775 2187; x_wconf 87' lang='lat' dir='ltr'><strong>ipsum,</strong></span> <span class='ocrx_word' id='word_1_152' title='bbox 790 2100 885 2186; x_wconf 90' lang='lat' dir='ltr'><strong>cujus</strong></span> <span class='ocrx_word' id='word_1_153' title='bbox 904 2121 1004 2165; x_wconf 88' lang='lat' dir='ltr'><strong>causa</strong></span> <span class='ocrx_word' id='word_1_154' title='bbox 1018 2101 1108 2165; x_wconf 93' lang='lat' dir='ltr'><strong>locus</strong></span> <span class='ocrx_word' id='word_1_155' title='bbox 1127 2100 1292 2182; x_wconf 91' lang='lat' dir='ltr'><strong>laudatur,</strong></span> <span class='ocrx_word' id='word_1_156' title='bbox 1309 2102 1343 2166; x_wconf 93' lang='lat' dir='ltr'><strong>in</strong></span> 
     </span>
     <span class='ocr_line' id='line_1_19' title="bbox 280 2201 1347 2288; baseline 0.006 -24"><span class='ocrx_word' id='word_1_157' title='bbox 280 2201 489 2288; x_wconf 88' lang='lat' dir='ltr'><strong>sequentibus</strong></span> <span class='ocrx_word' id='word_1_158' title='bbox 504 2201 648 2266; x_wconf 87' lang='lat' dir='ltr'><strong>versibus</strong></span> <span class='ocrx_word' id='word_1_159' title='bbox 662 2202 741 2266; x_wconf 81' lang='lat' dir='ltr'><strong>satis</strong></span> <span class='ocrx_word' id='word_1_160' title='bbox 759 2202 869 2266; x_wconf 89' lang='lat' dir='ltr'><strong>multis</strong></span> <span class='ocrx_word' id='word_1_161' title='bbox 888 2203 993 2268; x_wconf 87' lang='lat' dir='ltr'><strong>inesse</strong></span> <span class='ocrx_word' id='word_1_162' title='bbox 1007 2203 1131 2267; x_wconf 91' lang='lat' dir='ltr'><strong>debuit.</strong></span> <span class='ocrx_word' id='word_1_163' title='bbox 1177 2202 1347 2270; x_wconf 84' lang='lat' dir='ltr'><strong>Sententia</strong></span> 
     </span>
     <span class='ocr_line' id='line_1_20' title="bbox 280 2291 1343 2390; baseline 0.008 -27"><span class='ocrx_word' id='word_1_164' title='bbox 280 2323 352 2367; x_wconf 87' lang='lat' dir='ltr'><strong>vero</strong></span> <span class='ocrx_word' id='word_1_165' title='bbox 368 2325 514 2367; x_wconf 80' lang='lat' dir='ltr'><strong>versuum</strong></span> <span class='ocrx_word' id='word_1_166' title='bbox 535 2304 679 2390; x_wconf 86' lang='lat' dir='ltr'><strong>ejusdem</strong></span> <span class='ocrx_word' id='word_1_167' title='bbox 695 2305 762 2369; x_wconf 82' lang='lat' dir='ltr'><strong>tere</strong></span> <span class='ocrx_word' id='word_1_168' title='bbox 778 2291 896 2368; x_wconf 84' lang='lat' dir='ltr'><strong>tenoris</strong></span> <span class='ocrx_word' id='word_1_169' title='bbox 910 2304 1025 2369; x_wconf 90' lang='lat' dir='ltr'><strong>debuit</strong></span> <span class='ocrx_word' id='word_1_170' title='bbox 1038 2326 1120 2384; x_wconf 91' lang='lat' dir='ltr'><strong>esse,</strong></span> <span class='ocrx_word' id='word_1_171' title='bbox 1136 2313 1173 2369; x_wconf 91' lang='lat' dir='ltr'><strong>ut</strong></span> <span class='ocrx_word' id='word_1_172' title='bbox 1188 2305 1223 2369; x_wconf 91' lang='lat' dir='ltr'><strong>in</strong></span> <span class='ocrx_word' id='word_1_173' title='bbox 1244 2305 1343 2372; x_wconf 90' lang='lat' dir='ltr'><strong>Hom.</strong></span> 
     </span>
     <span class='ocr_line' id='line_1_21' title="bbox 282 2400 1343 2493; baseline 0.007 -27"><span class='ocrx_word' id='word_1_174' title='bbox 282 2400 346 2466; x_wconf 89' lang='lat' dir='ltr'><strong>Od.</strong></span> <span class='ocrx_word' id='word_1_175' title='bbox 363 2401 390 2470; x_wconf 78' lang='grc' dir='ltr'><strong>δ.</strong></span> <span class='ocrx_word' id='word_1_176' title='bbox 404 2405 479 2469; x_wconf 81' lang='lat'><strong>566.</strong></span> <span class='ocrx_word' id='word_1_177' title='bbox 496 2427 545 2493; x_wconf 87' lang='lat' dir='ltr'><strong>sq.</strong></span> <span class='ocrx_word' id='word_1_178' title='bbox 563 2404 616 2469; x_wconf 93' lang='lat' dir='ltr'><strong>nbi</strong></span> <span class='ocrx_word' id='word_1_179' title='bbox 632 2406 672 2469; x_wconf 92' lang='lat' dir='ltr'><strong>de</strong></span> <span class='ocrx_word' id='word_1_180' title='bbox 689 2405 800 2492; x_wconf 88' lang='lat' dir='ltr'><strong>Elysio</strong></span> <span class='ocrx_word' id='word_1_181' title='bbox 811 2407 958 2493; x_wconf 89' lang='lat' dir='ltr'><strong>loquens,</strong></span> <span class='ocrx_word' id='word_1_182' title='bbox 971 2407 1124 2471; x_wconf 74' lang='lat' dir='ltr'><strong>connives</strong></span> <span class='ocrx_word' id='word_1_183' title='bbox 1139 2406 1186 2471; x_wconf 81' lang='lat' dir='ltr'><strong>ibi</strong></span> <span class='ocrx_word' id='word_1_184' title='bbox 1199 2428 1273 2488; x_wconf 79' lang='lat' dir='ltr'><strong>ease,</strong></span> <span class='ocrx_word' id='word_1_185' title='bbox 1284 2409 1343 2490; x_wconf 88' lang='lat' dir='ltr'><strong>ait,</strong></span> 
     </span>
     <span class='ocr_line' id='line_1_22' title="bbox 280 2505 1342 2596; baseline 0.008 -28"><span class='ocrx_word' id='word_1_186' title='bbox 280 2528 342 2570; x_wconf 83' lang='lat' dir='ltr'><strong>nou</strong></span> <span class='ocrx_word' id='word_1_187' title='bbox 361 2506 508 2594; x_wconf 75' lang='lat' dir='ltr'><strong>hyemem,</strong></span> <span class='ocrx_word' id='word_1_188' title='bbox 529 2528 626 2593; x_wconf 84' lang='lat' dir='ltr'><strong>neque</strong></span> <span class='ocrx_word' id='word_1_189' title='bbox 645 2507 784 2586; x_wconf 84' lang='lat' dir='ltr'><strong>imbrem,</strong></span> <span class='ocrx_word' id='word_1_190' title='bbox 804 2517 866 2573; x_wconf 89' lang='lat' dir='ltr'><strong>etc.</strong></span> <span class='ocrx_word' id='word_1_191' title='bbox 886 2509 927 2573; x_wconf 86' lang='lat' dir='ltr'><strong>cf.</strong></span> <span class='ocrx_word' id='word_1_192' title='bbox 949 2505 1013 2572; x_wconf 93' lang='lat' dir='ltr'><strong>Od.</strong></span> <span class='ocrx_word' id='word_1_193' title='bbox 1034 2507 1064 2585; x_wconf 78' lang='grc' dir='ltr'><strong>ζ.</strong></span> <span class='ocrx_word' id='word_1_194' title='bbox 1084 2509 1137 2572; x_wconf 83' lang='grc'><strong>43.</strong></span> <span class='ocrx_word' id='word_1_195' title='bbox 1157 2532 1230 2596; x_wconf 87' lang='lat' dir='ltr'><strong>sqq.</strong></span> <span class='ocrx_word' id='word_1_196' title='bbox 1277 2509 1342 2576; x_wconf 88' lang='lat' dir='ltr'><strong>Sed</strong></span> 
     </span>
     <span class='ocr_line' id='line_1_23' title="bbox 280 2609 1344 2698; baseline 0.004 -26"><span class='ocrx_word' id='word_1_197' title='bbox 280 2620 389 2674; x_wconf 90' lang='lat' dir='ltr'><strong>noster</strong></span> <span class='ocrx_word' id='word_1_198' title='bbox 417 2611 450 2674; x_wconf 93' lang='lat' dir='ltr'><strong>in</strong></span> <span class='ocrx_word' id='word_1_199' title='bbox 477 2610 680 2675; x_wconf 87' lang='lat' dir='ltr'><strong>cumulandis</strong></span> <span class='ocrx_word' id='word_1_200' title='bbox 706 2609 942 2697; x_wconf 88' lang='lat' dir='ltr'><strong>negationibus,</strong></span> <span class='ocrx_word' id='word_1_201' title='bbox 965 2632 1023 2696; x_wconf 88' lang='lat' dir='ltr'><strong>pro</strong></span> <span class='ocrx_word' id='word_1_202' title='bbox 1046 2610 1245 2698; x_wconf 82' lang='lat' dir='ltr'><strong>loquacitate</strong></span> <span class='ocrx_word' id='word_1_203' title='bbox 1271 2634 1344 2693; x_wconf 87' lang='lat' dir='ltr'><strong>sua,</strong></span> 
     </span>
     <span class='ocr_line' id='line_1_24' title="bbox 279 2710 1342 2800; baseline 0.004 -24"><span class='ocrx_word' id='word_1_204' title='bbox 279 2713 387 2777; x_wconf 90' lang='lat' dir='ltr'><strong>minus</strong></span> <span class='ocrx_word' id='word_1_205' title='bbox 420 2714 483 2778; x_wconf 89' lang='lat' dir='ltr'><strong>sibi</strong></span> <span class='ocrx_word' id='word_1_206' title='bbox 514 2713 641 2777; x_wconf 87' lang='lat' dir='ltr'><strong>videtur</strong></span> <span class='ocrx_word' id='word_1_207' title='bbox 671 2710 877 2800; x_wconf 75' lang='lat' dir='ltr'><strong>temperasse,</strong></span> <span class='ocrx_word' id='word_1_208' title='bbox 905 2720 943 2776; x_wconf 91' lang='lat' dir='ltr'><strong>ut</strong></span> <span class='ocrx_word' id='word_1_209' title='bbox 977 2712 1048 2798; x_wconf 87' lang='lat' dir='ltr'><strong>ejus</strong></span> <span class='ocrx_word' id='word_1_210' title='bbox 1084 2713 1175 2778; x_wconf 88' lang='lat' dir='ltr'><strong>locus</strong></span> <span class='ocrx_word' id='word_1_211' title='bbox 1203 2713 1238 2776; x_wconf 88' lang='lat' dir='ltr'><strong>iu</strong></span> <span class='ocrx_word' id='word_1_212' title='bbox 1271 2724 1342 2780; x_wconf 89' lang='lat' dir='ltr'><strong>arte</strong></span> 
     </span>
     <span class='ocr_line' id='line_1_25' title="bbox 279 2813 1341 2901; baseline 0.004 -25"><span class='ocrx_word' id='word_1_213' title='bbox 279 2815 426 2900; x_wconf 84' lang='lat' dir='ltr'><strong>exemplo</strong></span> <span class='ocrx_word' id='word_1_214' title='bbox 449 2815 553 2901; x_wconf 87' lang='lat' dir='ltr'><strong>magis</strong></span> <span class='ocrx_word' id='word_1_215' title='bbox 580 2814 713 2878; x_wconf 91' lang='lat' dir='ltr'><strong>idoneus</strong></span> <span class='ocrx_word' id='word_1_216' title='bbox 737 2813 914 2879; x_wconf 84' lang='lat' dir='ltr'><strong>existimari</strong></span> <span class='ocrx_word' id='word_1_217' title='bbox 937 2813 1341 2901; x_wconf 84' lang='lat' dir='ltr'><strong>potuerit—Teumessos,</strong></span> 
     </span>
     <span class='ocr_line' id='line_1_26' title="bbox 279 2915 1342 3003; baseline 0.004 -26"><span class='ocrx_word' id='word_1_218' title='bbox 279 2915 359 2980; x_wconf 88' lang='lat' dir='ltr'><strong>alias</strong></span> <span class='ocrx_word' id='word_1_219' title='bbox 373 2915 554 2981; x_wconf 88' lang='lat' dir='ltr'><strong>Telmessus</strong></span> <span class='ocrx_word' id='word_1_220' title='bbox 578 2916 672 2981; x_wconf 89' lang='lat' dir='ltr'><strong>scribi</strong></span> <span class='ocrx_word' id='word_1_221' title='bbox 694 2916 819 2996; x_wconf 89' lang='lat' dir='ltr'><strong>solitus,</strong></span> <span class='ocrx_word' id='word_1_222' title='bbox 840 2915 896 2996; x_wconf 93' lang='lat' dir='ltr'><strong>(de</strong></span> <span class='ocrx_word' id='word_1_223' title='bbox 920 2938 987 3003; x_wconf 88' lang='lat' dir='ltr'><strong>qua</strong></span> <span class='ocrx_word' id='word_1_224' title='bbox 1009 2916 1161 2981; x_wconf 85' lang='lat' dir='ltr'><strong>varietate</strong></span> <span class='ocrx_word' id='word_1_225' title='bbox 1180 2915 1342 2999; x_wconf 85' lang='lat' dir='ltr'><strong>Valcken,</strong></span> 
     </span>
     <span class='ocr_line' id='line_1_27' title="bbox 268 3016 1340 3104; baseline 0 -20"><span class='ocrx_word' id='word_1_226' title='bbox 268 3017 319 3084; x_wconf 85' lang='lat' dir='ltr'><strong>ad</strong></span> <span class='ocrx_word' id='word_1_227' title='bbox 341 3016 454 3104; x_wconf 86' lang='lat' dir='ltr'><strong>Eurip.</strong></span> <span class='ocrx_word' id='word_1_228' title='bbox 471 3018 587 3084; x_wconf 90' lang='lat' dir='ltr'><strong>Phoen.</strong></span> <span class='ocrx_word' id='word_1_229' title='bbox 611 3040 640 3081; x_wconf 89' lang='lat' dir='ltr'><strong>v.</strong></span> <span class='ocrx_word' id='word_1_230' title='bbox 658 3018 753 3082; x_wconf 87' lang='lat'><strong>1107.</strong></span> <span class='ocrx_word' id='word_1_231' title='bbox 771 3017 866 3082; x_wconf 89' lang='lat' dir='ltr'><strong>docte</strong></span> <span class='ocrx_word' id='word_1_232' title='bbox 890 3016 1045 3104; x_wconf 89' lang='lat' dir='ltr'><strong>disputat,</strong></span> <span class='ocrx_word' id='word_1_233' title='bbox 1061 3018 1162 3082; x_wconf 90' lang='lat' dir='ltr'><strong>nostri</strong></span> <span class='ocrx_word' id='word_1_234' title='bbox 1188 3019 1250 3083; x_wconf 93' lang='lat' dir='ltr'><strong>loci</strong></span> <span class='ocrx_word' id='word_1_235' title='bbox 1275 3042 1340 3084; x_wconf 91' lang='lat' dir='ltr'><strong>non</strong></span> 
     </span>
     <span class='ocr_line' id='line_1_28' title="bbox 278 3117 1342 3202; baseline 0.007 -22"><span class='ocrx_word' id='word_1_236' title='bbox 278 3117 456 3200; x_wconf 91' lang='lat' dir='ltr'><strong>immemor)</strong></span> <span class='ocrx_word' id='word_1_237' title='bbox 470 3141 562 3184; x_wconf 89' lang='lat' dir='ltr'><strong>mons</strong></span> <span class='ocrx_word' id='word_1_238' title='bbox 576 3129 645 3184; x_wconf 90' lang='lat' dir='ltr'><strong>erat</strong></span> <span class='ocrx_word' id='word_1_239' title='bbox 658 3130 691 3185; x_wconf 93' lang='lat' dir='ltr'><strong>et</strong></span> <span class='ocrx_word' id='word_1_240' title='bbox 704 3119 794 3184; x_wconf 86' lang='lat' dir='ltr'><strong>vicus</strong></span> <span class='ocrx_word' id='word_1_241' title='bbox 809 3119 957 3200; x_wconf 83' lang='lat' dir='ltr'><strong>Boeotiae,</strong></span> <span class='ocrx_word' id='word_1_242' title='bbox 967 3120 1087 3184; x_wconf 86' lang='lat' dir='ltr'><strong>Thebis</strong></span> <span class='ocrx_word' id='word_1_243' title='bbox 1102 3121 1241 3202; x_wconf 85' lang='lat' dir='ltr'><strong>vicinus,</strong></span> <span class='ocrx_word' id='word_1_244' title='bbox 1254 3122 1342 3187; x_wconf 91' lang='lat' dir='ltr'><strong>unde</strong></span> 
     </span>
     <span class='ocr_line' id='line_1_29' title="bbox 278 3221 1340 3310; baseline 0.004 -27"><span class='ocrx_word' id='word_1_245' title='bbox 278 3230 355 3284; x_wconf 89' lang='lat' dir='ltr'><strong>nota</strong></span> <span class='ocrx_word' id='word_1_246' title='bbox 375 3222 425 3285; x_wconf 87' lang='lat' dir='ltr'><strong>vel</strong></span> <span class='ocrx_word' id='word_1_247' title='bbox 444 3245 484 3286; x_wconf 86' lang='lat' dir='ltr'><strong>ex</strong></span> <span class='ocrx_word' id='word_1_248' title='bbox 501 3221 620 3286; x_wconf 90' lang='lat' dir='ltr'><strong>Ovidio</strong></span> <span class='ocrx_word' id='word_1_249' title='bbox 639 3221 825 3286; x_wconf 88' lang='lat' dir='ltr'><strong>Teumessia</strong></span> <span class='ocrx_word' id='word_1_250' title='bbox 844 3223 968 3309; x_wconf 84' lang='lat' dir='ltr'><strong>vulpes,</strong></span> <span class='ocrx_word' id='word_1_251' title='bbox 984 3244 1083 3310; x_wconf 91' lang='lat' dir='ltr'><strong>quam</strong></span> <span class='ocrx_word' id='word_1_252' title='bbox 1104 3223 1217 3309; x_wconf 90' lang='lat' dir='ltr'><strong>procul</strong></span> <span class='ocrx_word' id='word_1_253' title='bbox 1240 3224 1340 3288; x_wconf 91' lang='lat' dir='ltr'><strong>dubio</strong></span> 
     </span>
     <span class='ocr_line' id='line_1_30' title="bbox 278 3324 1340 3412; baseline 0.008 -26"><span class='ocrx_word' id='word_1_254' title='bbox 278 3324 493 3394; x_wconf 86' lang='lat' dir='ltr'><strong>Antimachus</strong></span> <span class='ocrx_word' id='word_1_255' title='bbox 508 3325 540 3388; x_wconf 94' lang='lat' dir='ltr'><strong>in</strong></span> <span class='ocrx_word' id='word_1_256' title='bbox 556 3326 695 3390; x_wconf 88' lang='lat' dir='ltr'><strong>carmine</strong></span> <span class='ocrx_word' id='word_1_257' title='bbox 713 3347 777 3388; x_wconf 90' lang='lat' dir='ltr'><strong>non</strong></span> <span class='ocrx_word' id='word_1_258' title='bbox 795 3325 1007 3411; x_wconf 85' lang='lat' dir='ltr'><strong>praetermisit.</strong></span> <span class='ocrx_word' id='word_1_259' title='bbox 1055 3324 1201 3412; x_wconf 85' lang='lat' dir='ltr'><strong>Hesych.</strong></span> <span class='ocrx_word' id='word_1_260' title='bbox 1218 3351 1248 3391; x_wconf 88' lang='lat' dir='ltr'><strong>v.</strong></span> <span class='ocrx_word' id='word_1_261' title='bbox 1265 3335 1340 3394; x_wconf 87' lang='grc' dir='ltr'>Τευ-</span> 
     </span>
     <span class='ocr_line' id='line_1_31' title="bbox 277 3426 1339 3518; baseline 0.003 -26"><span class='ocrx_word' id='word_1_262' title='bbox 277 3433 381 3508; x_wconf 78' lang='grc' dir='ltr'>μησῖα.</span> <span class='ocrx_word' id='word_1_263' title='bbox 428 3434 505 3515; x_wconf 82' lang='grc' dir='ltr'>Περὶ</span> <span class='ocrx_word' id='word_1_264' title='bbox 521 3438 577 3504; x_wconf 83' lang='grc' dir='ltr'><strong>τῆς</strong></span> <span class='ocrx_word' id='word_1_265' title='bbox 593 3431 768 3511; x_wconf 77' lang='grc' dir='ltr'>Τευμησίας</span> <span class='ocrx_word' id='word_1_266' title='bbox 782 3426 948 3502; x_wconf 75' lang='grc' dir='ltr'>ἀλώπεκος</span> <span class='ocrx_word' id='word_1_267' title='bbox 963 3431 993 3492; x_wconf 77' lang='grc' dir='ltr'><strong>οἱ</strong></span> <span class='ocrx_word' id='word_1_268' title='bbox 1008 3428 1046 3493; x_wconf 81' lang='grc' dir='ltr'><strong>τὰ</strong></span> <span class='ocrx_word' id='word_1_269' title='bbox 1059 3426 1207 3514; x_wconf 77' lang='grc' dir='ltr'>θηβυῖκὰ</span> <span class='ocrx_word' id='word_1_270' title='bbox 1223 3459 1339 3518; x_wconf 84' lang='grc' dir='ltr'>γεγρα·</span> 
     </span>
     <span class='ocr_line' id='line_1_32' title="bbox 278 3529 1335 3619; baseline 0.002 -24"><span class='ocrx_word' id='word_1_271' title='bbox 278 3533 371 3615; x_wconf 83' lang='grc' dir='ltr'>φότες</span> <span class='ocrx_word' id='word_1_272' title='bbox 386 3533 477 3598; x_wconf 79' lang='grc' dir='ltr'>ἱκανὰ</span> <span class='ocrx_word' id='word_1_273' title='bbox 490 3534 657 3617; x_wconf 79' lang='grc' dir='ltr'>εἰρήκασιν.</span> <span class='ocrx_word' id='word_1_274' title='bbox 705 3529 755 3593; x_wconf 92' lang='lat' dir='ltr'><strong>De</strong></span> <span class='ocrx_word' id='word_1_275' title='bbox 767 3530 940 3594; x_wconf 87' lang='lat' dir='ltr'><strong>Teumesso</strong></span> <span class='ocrx_word' id='word_1_276' title='bbox 953 3531 995 3595; x_wconf 82' lang='lat' dir='ltr'><strong>ct.</strong></span> <span class='ocrx_word' id='word_1_277' title='bbox 1008 3529 1115 3595; x_wconf 84' lang='lat' dir='ltr'><strong>Schol.</strong></span> <span class='ocrx_word' id='word_1_278' title='bbox 1128 3531 1169 3594; x_wconf 93' lang='lat' dir='ltr'><strong>ad</strong></span> <span class='ocrx_word' id='word_1_279' title='bbox 1183 3533 1296 3619; x_wconf 87' lang='lat' dir='ltr'><strong>Eurip.</strong></span> <span class='ocrx_word' id='word_1_280' title='bbox 1312 3534 1335 3597; x_wconf 96' lang='lat' dir='ltr'><strong>l.</strong></span> 
     </span>
     <span class='ocr_line' id='line_1_33' title="bbox 276 3630 1334 3718; baseline 0.009 -24"><span class='ocrx_word' id='word_1_281' title='bbox 276 3652 302 3694; x_wconf 93' lang='lat' dir='ltr'><strong>c.</strong></span> <span class='ocrx_word' id='word_1_282' title='bbox 319 3643 351 3697; x_wconf 91' lang='lat' dir='ltr'><strong>et</strong></span> <span class='ocrx_word' id='word_1_283' title='bbox 364 3633 542 3696; x_wconf 83' lang='lat' dir='ltr'><strong>Pausanias</strong></span> <span class='ocrx_word' id='word_1_284' title='bbox 559 3630 663 3695; x_wconf 90' lang='lat' dir='ltr'><strong>Boeot.</strong></span> <span class='ocrx_word' id='word_1_285' title='bbox 681 3653 713 3716; x_wconf 95' lang='lat' dir='ltr'><strong>p.</strong></span> <span class='ocrx_word' id='word_1_286' title='bbox 731 3632 805 3709; x_wconf 79' lang='lat'><strong>746,</strong></span> <span class='ocrx_word' id='word_1_287' title='bbox 820 3631 875 3694; x_wconf 92' lang='lat' dir='ltr'><strong>ubi</strong></span> <span class='ocrx_word' id='word_1_288' title='bbox 896 3631 979 3695; x_wconf 88' lang='lat' dir='ltr'><strong>inter</strong></span> <span class='ocrx_word' id='word_1_289' title='bbox 994 3633 1076 3695; x_wconf 87' lang='lat' dir='ltr'><strong>alia:</strong></span> <span class='ocrx_word' id='word_1_290' title='bbox 1102 3642 1287 3718; x_wconf 79' lang='grc' dir='ltr'>Τευμησσοῦ</span> <span class='ocrx_word' id='word_1_291' title='bbox 1303 3634 1334 3702; x_wconf 78' lang='grc' dir='ltr'><strong>δὲ</strong></span> 
     </span>
     <span class='ocr_line' id='line_1_34' title="bbox 276 3730 1336 3821; baseline 0.004 -22"><span class='ocrx_word' id='word_1_292' title='bbox 276 3738 309 3800; x_wconf 79' lang='grc' dir='ltr'><strong>ἐν</strong></span> <span class='ocrx_word' id='word_1_293' title='bbox 339 3735 486 3821; x_wconf 76' lang='grc' dir='ltr'>ἀριστερᾷ</span> <span class='ocrx_word' id='word_1_294' title='bbox 516 3730 664 3808; x_wconf 72' lang='grc' dir='ltr'>σταδίους</span> <span class='ocrx_word' id='word_1_295' title='bbox 698 3731 892 3819; x_wconf 64' lang='grc' dir='ltr'>προελθόντι</span> <span class='ocrx_word' id='word_1_296' title='bbox 926 3735 1013 3812; x_wconf 78' lang='grc' dir='ltr'>ἑπτὰ,</span> <span class='ocrx_word' id='word_1_297' title='bbox 1044 3735 1224 3812; x_wconf 81' lang='grc' dir='ltr'>Γλισῖιυτός</span> <span class='ocrx_word' id='word_1_298' title='bbox 1253 3741 1336 3804; x_wconf 84' lang='grc' dir='ltr'>ἐστιν</span> 
     </span>
    </p>
   </div>
   <div class='ocr_carea' id='block_1_3' title="bbox 276 3831 1333 3925">
    <p class='ocr_par' dir='ltr' id='par_1_3' title="bbox 276 3831 1333 3925">
     <span class='ocr_line' id='line_1_35' title="bbox 276 3831 1333 3925; baseline 0.004 -25"><span class='ocrx_word' id='word_1_299' title='bbox 276 3839 400 3920; x_wconf 81' lang='grc' dir='ltr'>ἐρείπια·</span> <span class='ocrx_word' id='word_1_300' title='bbox 422 3838 506 3922; x_wconf 85' lang='grc' dir='ltr'>πρὸς</span> <span class='ocrx_word' id='word_1_301' title='bbox 522 3833 553 3901; x_wconf 76' lang='grc' dir='ltr'><strong>δὲ</strong></span> <span class='ocrx_word' id='word_1_302' title='bbox 571 3836 675 3901; x_wconf 77' lang='grc' dir='ltr'>αὐτῶν</span> <span class='ocrx_word' id='word_1_303' title='bbox 691 3837 723 3900; x_wconf 79' lang='lat' dir='ltr'><strong>iv</strong></span> <span class='ocrx_word' id='word_1_304' title='bbox 740 3831 825 3920; x_wconf 74' lang='grc' dir='ltr'><strong>8εέιᾷ</strong></span> <span class='ocrx_word' id='word_1_305' title='bbox 838 3845 894 3911; x_wconf 83' lang='grc' dir='ltr'><strong>τῆς</strong></span> <span class='ocrx_word' id='word_1_306' title='bbox 907 3833 983 3902; x_wconf 74' lang='grc' dir='ltr'>ὁδοῦ</span> <span class='ocrx_word' id='word_1_307' title='bbox 999 3842 1103 3924; x_wconf 78' lang='grc' dir='ltr'>χῶμα,</span> <span class='ocrx_word' id='word_1_308' title='bbox 1118 3839 1156 3903; x_wconf 83' lang='grc' dir='ltr'><strong>οὗ</strong></span> <span class='ocrx_word' id='word_1_309' title='bbox 1168 3841 1259 3924; x_wconf 74' lang='grc' dir='ltr'>μέγα,</span> <span class='ocrx_word' id='word_1_310' title='bbox 1271 3839 1333 3925; x_wconf 79' lang='lat' dir='ltr'><strong>iihp</strong></span> 
     </span>
    </p>
   </div>
   <div class='ocr_carea' id='block_1_4' title="bbox 272 3933 1332 4127">
    <p class='ocr_par' dir='ltr' id='par_1_4' title="bbox 272 3933 1332 4127">
     <span class='ocr_line' id='line_1_36' title="bbox 273 3933 1332 4025; baseline 0.002 -25"><span class='ocrx_word' id='word_1_311' title='bbox 273 3964 305 4002; x_wconf 86' lang='grc' dir='ltr'>τε</span> <span class='ocrx_word' id='word_1_312' title='bbox 320 3939 415 4025; x_wconf 74' lang='grc' dir='ltr'>α’γρίρ</span> <span class='ocrx_word' id='word_1_313' title='bbox 437 3941 566 4003; x_wconf 79' lang='grc' dir='ltr'>σύσκιον</span> <span class='ocrx_word' id='word_1_314' title='bbox 587 3942 635 4001; x_wconf 78' lang='grc' dir='ltr'><strong>καὶ</strong></span> <span class='ocrx_word' id='word_1_315' title='bbox 654 3938 779 4022; x_wconf 75' lang='grc' dir='ltr'>ἡμέροις</span> <span class='ocrx_word' id='word_1_316' title='bbox 795 3933 948 4022; x_wconf 75' lang='grc' dir='ltr'>δένδροις.</span> <span class='ocrx_word' id='word_1_317' title='bbox 994 3937 1046 4001; x_wconf 86' lang='lat' dir='ltr'><strong>Cf.</strong></span> <span class='ocrx_word' id='word_1_318' title='bbox 1062 3937 1173 4002; x_wconf 83' lang='lat' dir='ltr'><strong>Barth.</strong></span> <span class='ocrx_word' id='word_1_319' title='bbox 1191 3940 1231 4003; x_wconf 92' lang='lat' dir='ltr'><strong>ad</strong></span> <span class='ocrx_word' id='word_1_320' title='bbox 1250 3939 1332 4004; x_wconf 82' lang='lat' dir='ltr'><strong>Stat.</strong></span> 
     </span>
     <span class='ocr_line' id='line_1_37' title="bbox 272 4037 1332 4127; baseline 0.006 -28"><span class='ocrx_word' id='word_1_321' title='bbox 272 4038 463 4104; x_wconf 75' lang='lat' dir='ltr'><strong>&#39;l&#39;h.l.485.</strong></span> <span class='ocrx_word' id='word_1_322' title='bbox 483 4037 528 4101; x_wconf 91' lang='lat'><strong>11.</strong></span> <span class='ocrx_word' id='word_1_323' title='bbox 549 4038 622 4100; x_wconf 81' lang='lat'><strong>331.</strong></span> <span class='ocrx_word' id='word_1_324' title='bbox 647 4037 794 4101; x_wconf 80' lang='lat' dir='ltr'><strong>1V.372.</strong></span> <span class='ocrx_word' id='word_1_325' title='bbox 819 4037 879 4100; x_wconf 88' lang='lat' dir='ltr'><strong>IX.</strong></span> <span class='ocrx_word' id='word_1_326' title='bbox 901 4040 975 4117; x_wconf 87' lang='grc'><strong>709,</strong></span> <span class='ocrx_word' id='word_1_327' title='bbox 996 4061 1015 4101; x_wconf 89' lang='lat' dir='ltr'><strong>a</strong></span> <span class='ocrx_word' id='word_1_328' title='bbox 1036 4062 1099 4126; x_wconf 92' lang='lat' dir='ltr'><strong>quo</strong></span> <span class='ocrx_word' id='word_1_329' title='bbox 1119 4050 1214 4126; x_wconf 88' lang='lat' dir='ltr'><strong>poeta</strong></span> <span class='ocrx_word' id='word_1_330' title='bbox 1235 4041 1332 4127; x_wconf 93' lang='lat' dir='ltr'><strong>Poly-</strong></span> 
     </span>
    </p>
   </div>
   <div class='ocr_carea' id='block_1_5' title="bbox 272 4137 1332 4227">
    <p class='ocr_par' dir='ltr' id='par_1_5' title="bbox 272 4137 1332 4227">
     <span class='ocr_line' id='line_1_38' title="bbox 272 4137 1332 4227; baseline 0.008 -28"><span class='ocrx_word' id='word_1_331' title='bbox 272 4139 359 4204; x_wconf 87' lang='lat' dir='ltr'><strong>nices</strong></span> <span class='ocrx_word' id='word_1_332' title='bbox 380 4162 465 4227; x_wconf 86' lang='lat' dir='ltr'><strong>saepe</strong></span> <span class='ocrx_word' id='word_1_333' title='bbox 485 4148 616 4204; x_wconf 89' lang='lat' dir='ltr'><strong>vocatur</strong></span> <span class='ocrx_word' id='word_1_334' title='bbox 627 4140 757 4224; x_wconf 83' lang='lat' dir='ltr'><strong>juvenis</strong></span> <span class='ocrx_word' id='word_1_335' title='bbox 782 4137 965 4218; x_wconf 83' lang='lat' dir='ltr'><strong>Teumesius,</strong></span> <span class='ocrx_word' id='word_1_336' title='bbox 981 4164 1045 4205; x_wconf 90' lang='lat' dir='ltr'><strong>non</strong></span> <span class='ocrx_word' id='word_1_337' title='bbox 1070 4141 1100 4205; x_wconf 85' lang='lat' dir='ltr'><strong><em>T</em></strong></span> <span class='ocrx_word' id='word_1_338' title='bbox 1097 4143 1276 4222; x_wconf 82' lang='lat' dir='ltr'><strong>heumesius,</strong></span> <span class='ocrx_word' id='word_1_339' title='bbox 1297 4154 1332 4208; x_wconf 95' lang='lat' dir='ltr'><strong>ut</strong></span> 
     </span>
    </p>
   </div>
   <div class='ocr_carea' id='block_1_6' title="bbox 0 0 1444 4792">
    <p class='ocr_par' dir='ltr' id='par_1_6' title="bbox 0 0 1444 4792">
     <span class='ocr_line' id='line_1_39' title="bbox 0 0 1444 4792; baseline 0 1"><span class='ocrx_word' id='word_1_340' title='bbox 0 0 1444 4792; x_wconf 95' lang='lat' dir='ltr'><strong> </strong></span> 
     </span>
    </p>
   </div>
  </div>
 </body>
</html>
