2880 4792
283 305 332 371 70
592 328 811 377 xxrrirxcnr
841 329 1044 386 uncrounn.

284 475 446 539 notandus
461 487 522 555 cst,
537 477 577 542 ob
593 487 657 543 tres
680 499 774 544 voces
788 479 950 565 uertiquns.
997 477 1169 564 Exemplis
1184 486 1296 542 autem
1311 475 1352 539 ab

285 575 442 641 Athcnaeo
459 578 565 643 allatis
585 580 683 665 udjici
700 591 807 667 potest
821 603 933 646 versus
948 579 1179 666 Euphorionis,
1194 586 1311 663 poetae,
1326 577 1353 638 si

282 677 358 762 quis
379 679 472 758 nlius,
493 680 691 746 locutionum
715 682 930 747 obsoletarum
954 681 1134 758 sectatoris,
1156 702 1209 766 ap.
1238 677 1351 742 Schol.

282 776 400 844 Theoc.
416 779 459 859 li,
469 783 501 861 ’2,
512 781 624 859 Ὅστις
636 788 712 868 ἐμὴν
727 783 863 871 κελέβην
876 780 1058 868 Ἀλυβηΐδα
1072 789 1197 865 μοῦνον
1213 780 1351 867 ἀπηύρα.

788 1166 886 1229 xm.

396 1350 550 1457 Κήρυκας
570 1349 769 1432 οὶθοινοέτοισι
790 1348 892 1457 φερειν
911 1349 1057 1459 μελοινος
1078 1349 1183 1445 οἴνοιο,

395 1461 517 1543 Ἀσκδν
538 1462 705 1544 ἔνι’τσλειον
725 1462 900 1558 κελεβῆἷον
919 1463 997 1543 ’ὄττι
1018 1460 1185 1568 φέριστον,

396 1571 496 1654 Οἷσιν
513 1572 555 1654 ivi
575 1572 734 1682 μεγάροις
753 1590 865 1655 κεῖτοιι
885 1571 1025 1682 μελιτος
1044 1575 1240 1670 πεπληθός.

284 1782 423 1846 Vnnsus
450 1782 546 1846 etiam
574 1781 633 1844 hos
660 1782 816 1846 debemus
842 1782 961 1846 Athen.
992 1780 1052 1846 XI.
1082 1785 1113 1845 7.
1143 1807 1174 1871 p.
1202 1784 1279 1848 475.
1310 1786 1351 1848 de

283 1883 399 1972 κελέβῃ
413 1884 520 1970 agenti
534 1909 542 1962 3
565 1884 761 1971 Ἀντίμαχος
774 1888 792 1949 ὁ
806 1883 1018 1969 Κολοφώνιος
1033 1888 1066 1951 ἐν
1080 1889 1211 1972 πέμπτῳ
1224 1883 1352 1972 θηβαΐ-

283 1982 339 2062 δος
355 1993 441 2072 φησὶ·
466 1990 612 2073 Κήρυκας
633 2015 659 2052 κ.
675 1986 708 2051 λ.
756 1985 872 2050 Sanari
894 1985 915 2048 ii
938 1995 1112 2072 potuerunt
1131 1987 1195 2052 leni
1212 1986 1350 2066 medela,

281 2087 430 2172 primum,
452 2098 488 2150 nt
512 2108 637 2151 comma
660 2096 733 2173 post
756 2088 857 2155 οἴνοιο
881 2087 1024 2167 tollatur,
1046 2108 1120 2152 mox
1145 2089 1307 2154 scribatur
1331 2093 1382 2156 ὅ·

281 2217 337 2267 ττι,
364 2189 462 2276 idque
492 2189 709 2276 conjungatur
738 2211 812 2253 cum
843 2211 911 2275 seq.
941 2211 1043 2269 versu,
1073 2189 1136 2254 hnc
1167 2191 1349 2256 sententia:

281 2289 385 2355 Jnssit
400 2291 541 2355 dominus
557 2291 642 2371 (haec
657 2291 830 2355 enimcum
847 2290 1064 2377 superioribus
1080 2291 1162 2356 forte
1178 2292 1351 2358 intercide·

281 2399 382 2472 runt.)
401 2416 557 2480 precones
577 2415 633 2456 nas
654 2392 768 2478 offerre
788 2392 860 2456 nino
879 2392 1020 2477 plenum,
1034 2393 1120 2479 qnod
1138 2395 1293 2479 optimum
1313 2396 1349 2460 in

280 2495 395 2559 cedibus
409 2495 575 2581 repositum
587 2504 672 2558 esset.
719 2492 799 2558 Haec
815 2504 923 2558 tamen
936 2503 973 2558 ut
986 2494 1078 2574 lenis,
1091 2493 1138 2558 ita
1149 2494 1230 2558 levis
1247 2496 1351 2560 medi·

279 2598 354 2662 cina
376 2608 435 2675 est,
455 2620 530 2662 cunr
555 2596 697 2659 nondum
721 2595 931 2680 intelligatur,
953 2596 1009 2682 qui
1033 2618 1091 2660 vas
1114 2597 1257 2683 potuerit
1280 2583 1350 2662 dici

280 2700 381 2766 οἴνοιο
402 2700 558 2766 ἐνίπλειον
574 2697 734 2783 simulque
752 2698 878 2783 μέλιτος
901 2697 1079 2776 πεπληθός,
1101 2697 1135 2762 id
1156 2697 1247 2785 quod
1270 2699 1350 2764 doc-

279 2801 374 2865 tiores
388 2824 438 2865 me
454 2800 626 2865 docebunt.
675 2798 741 2864 Sed
757 2799 840 2886 prior
855 2821 901 2863 vs.
920 2798 1027 2864 adhuc
1044 2800 1197 2864 mendum
1212 2801 1348 2866 occulit.

281 2900 346 2967 Ser.
364 2905 385 2966 f.
403 2908 538 2990 κήρυκας
558 2905 679 2969 αὐτοῖσι
699 2912 756 2966 aut
777 2901 880 2965 simile
901 2901 992 2987 quid.
1038 2901 1168 2989 Quippe
1188 2902 1296 2967 media
1312 2903 1347 2967 in

279 3008 408 3090 κήρυκες
424 3027 489 3068 non
504 3004 683 3092 corripitur,
701 3016 733 3068 et
751 3005 882 3089 quando
899 3004 945 3081 fit,
960 3025 1070 3067 versus
1086 3026 1149 3067 non
1165 3005 1247 3069 liber
1261 3015 1310 3070 est
1325 3030 1346 3072 a

279 3106 348 3169 vitii
371 3106 563 3193 suspicione.
611 3105 662 3169 lta
681 3106 757 3170 olim
781 3104 819 3168 ll.
841 3134 870 3191 p.
887 3105 960 3168 324.
983 3105 1101 3169 lectum
1122 3111 1231 3192 κήρυκι
1244 3108 1349 3174 Ἠπυ-

280 3205 361 3295 τίδῃ,
374 3229 460 3270 nunc
480 3208 662 3273 restitutum
679 3207 783 3295 κήρυκ’
797 3207 872 3272 ‘Hm
920 3204 984 3270 Sed
1004 3207 1158 3274 ἀθάνατοι
1173 3209 1223 3272 vel
1239 3231 1347 3295 perse

282 3310 424 3374 huonon
441 3309 609 3396 pertinent.
657 3310 766 3384 Μέλας
788 3309 879 3384 οἶνος
900 3316 949 3372 est
967 3311 1114 3395 ἐρυθρός,
1129 3318 1166 3373 nt
1183 3332 1272 3397 saepe
1292 3334 1347 3399 ap,

282 3411 390 3491 Hom,
406 3434 471 3498 quo
488 3411 550 3475 vini
567 3432 680 3497 genere
694 3409 799 3474 Graeci
816 3419 885 3475 tum
901 3410 1038 3473 maxime
1054 3410 1236 3475 utebantur.
1259 3413 1347 3480 ‘Evt-

281 3514 392 3581 πλειον
412 3524 461 3578 est
481 3537 500 3578 a
523 3512 663 3577 Casaub.
692 3532 748 3597 pro
770 3512 929 3596 ἔμπλειον,
949 3522 981 3575 et
1005 3509 1185 3599 κελεβὴἳον,
1208 3513 1239 3577 h.
1262 3515 1348 3582 κελέ-

243 3638 247 3651 ·
280 3614 383 3700 βειον,
400 3638 455 3702 per
470 3615 660 3702 epexegesin
675 3620 719 3699 τῴ
735 3613 834 3680 α’σκὸν
852 3612 1036 3698 appositum
1055 3624 1114 3677 est.
1162 3614 1214 3679 De
1230 3625 1301 3681 utre
1313 3640 1345 3696 u,

283 3715 387 3781 Feith.
402 3719 472 3781 loco
489 3716 583 3781 modo
596 3713 965 3780 cit.-SCH.-Forsan
981 3714 1094 3800 legend
1101 3737 1153 3779 um
1166 3740 1174 3778 :

413 3874 561 3961 Κηρΰὲας
577 3876 705 3941 ἄλλοισι
722 3878 824 3960 φέρειν
838 3873 977 3957 μέλανος
992 3873 1093 3939 oi'voto

407 3979 526 4044 Ἀσκὸν
541 3981 586 4043 ἑοῖ
600 3974 723 4053 πλεῖον,
736 3973 896 4060 κελέβειόν
913 3973 943 4040 θ’
960 3978 1025 4040 ὅττι
1043 3979 1201 4061 φέριστον.

327 4134 413 4200 Dedi
426 4139 471 4200 ἑοῖ
482 4154 539 4220 pro
552 4135 596 4200 ἔνι
609 4159 616 4196 :
642 4156 707 4220 quo
714 4134 799 4219 jure,
809 4131 890 4195 sciet
903 4131 1013 4211 lector,
1027 4132 1158 4218 quando
1170 4131 1346 4220 inspexerit
