2880 4792
183 287 231 356 26
488 307 710 356 nurrsrscur
731 305 935 362 1111110111.

184 476 222 519 11
244 466 411 534 monstrnt,
431 477 497 543 qua
518 469 690 544 utrumque
709 479 728 520 a
749 454 913 548 Pausania
927 450 1159 537 conjungitur;
1184 470 1240 512 nec

184 556 289 619 minus
318 557 396 620 illud
426 559 490 622 huc
522 559 668 644 pertinet,
699 558 787 645 quod
817 554 1043 643 Apollodorus,
1069 551 1243 616 Thebaidis

184 658 369 744 scriptorem
396 681 457 723 non
482 659 610 746 adjecto
633 661 762 724 nomine
792 658 964 735 laudando,
988 655 1136 720 Hesiodo
1162 656 1243 720 anti·

184 758 341 844 quissimo
373 761 447 836 rati,
473 783 547 825 eum
570 761 755 848 praeposuit,
781 760 869 847 quod
893 761 999 845 ipsum
1024 757 1135 820 minus
1160 766 1242 822 recte

184 861 324 942 fecisset,
340 864 366 926 si
382 863 415 926 in
431 863 492 926 hoc
508 861 693 926 Antimachi
706 861 806 926 nostri
818 881 900 947 opus
912 858 1105 945 specthsset.
1152 858 1244 924 Cete-

186 986 256 1028 rum
267 966 402 1030 obscura
415 965 617 1030 solummodo
626 964 711 1028 lama
719 963 760 1028 de
771 962 894 1051 cyclica
903 961 1067 1025 Thebaide
1081 962 1123 1026 ad
1136 971 1244 1025 nostra

187 1076 330 1153 tempora
345 1068 500 1155 pervenit.
546 1066 708 1130 Celebrior
724 1075 832 1130 autem
848 1063 988 1151 primum
1003 1062 1085 1141 luit3
1101 1072 1134 1127 et
1146 1063 1242 1127 alium

187 1166 358 1234 Pausaniae
379 1169 483 1234 locum
507 1167 672 1245 habemus,
693 1189 790 1254 quem
811 1166 839 1229 si
862 1166 942 1230 bene
964 1163 1190 1250 intelligimus,
1208 1187 1244 1228 11

186 1290 316 1355 quoque
333 1268 474 1334 Homero
489 1293 508 1333 a
524 1271 634 1334 multis
649 1267 885 1355 assignabatur,
901 1266 995 1351 cujus
1010 1264 1141 1350 ingenio
1156 1265 1242 1329 aliud

186 1390 300 1454 poema
317 1381 390 1456 post
406 1370 540 1435 Iliadem
557 1382 589 1436 et
604 1370 785 1458 Odysseam
801 1367 925 1432 nullum
940 1366 1073 1453 dignius
1089 1366 1144 1430 ille
1160 1366 1244 1430 exis·

186 1469 354 1535 timebat*

186 1704 310 1783 scripsit,
334 1707 397 1785 ipsa
421 1707 507 1766 series
532 1716 561 1765 et
586 1718 668 1765 tenor
689 1705 828 1764 orationis
850 1724 963 1763 versum
989 1704 1096 1764 istum:
1131 1708 1242 1786 Είματα

186 1802 279 1875 λυγρὰ
292 1802 394 1878 φέρων,
409 1799 462 1858 miv
475 1800 580 1871 Ἀρίονι
595 1804 765 1878 κυανοχαίτῃ
782 1796 903 1875 Cyclico
917 1795 1065 1855 vindicat:
1087 1797 1174 1874 cujus
1191 1817 1241 1855 ex·

187 1889 349 1966 plicationis
363 1903 494 1950 auctores
503 1891 607 1960 habeo,
620 1889 720 1947 Barth.
738 1889 775 1947 ad
790 1889 866 1947 Stat.
877 1888 931 1946 Th.
945 1887 999 1957 IV,
1011 1890 1061 1946 43.
1074 1897 1104 1946 et
1115 1888 1241 1948 Valcke-

188 1983 308 2040 naerium
337 1984 373 2041 ad
403 1983 505 2041 Phoen.
532 2004 560 2061 p.
584 1984 654 2040 659.
704 1981 750 2039 De
768 1980 857 2039 111110
874 1979 1030 2038 Pausaniae
1045 1979 1122 2052 Ioco,
1138 1980 1242 2041 101111

187 2073 329 2132 Valcken.
351 2094 407 2131 non
424 2084 557 2133 accurate
572 2075 712 2150 inspecto,
726 2072 821 2131 dicam
843 2071 879 2130 ad
899 2072 947 2130 Fr.
969 2071 1117 2129 XXXIII.
1161 2073 1242 2130 Prae·

68 2169 71 2172 ’
187 2175 264 2223 11111
283 2166 422 2243 cyclicum
440 2165 590 2224 Thebaida
603 2164 705 2222 laudat
719 2164 817 2223 Schol.
831 2161 967 2242 Apollon.
985 2163 1041 2221 Rh.
1060 2164 1085 2235 I,
1100 2165 1170 2222 ³08.
1189 2165 1242 2224 nisi
1302 2218 1304 2223 .

187 2255 226 2312 ibi
241 2266 396 2334 utrumque
411 2267 524 2333 poetam
541 2268 591 2315 aut
605 2256 701 2333 plures
716 2255 874 2332 intelligas;
898 2253 997 2314 Schol.
1009 2254 1046 2312 ad
1056 2255 1146 2312 Hom.
1161 2256 1196 2316 Il.
1210 2260 1240 2334 ψ.

188 2349 256 2405 346.
273 2348 357 2426 cujus
372 2349 459 2406 verba
473 2348 510 2407 ad
527 2348 573 2406 Fr.
590 2349 674 2406 XIX.
690 2366 851 2426 apponam;
876 2345 1036 2404 Athenaeus
1047 2346 1175 2424 denique
1191 2349 1242 2406 XI.

187 2458 216 2515 p.
232 2441 302 2497 465.
321 2440 353 2497 F.
397 2441 436 2497 At
450 2439 505 2497 hoc
524 2439 636 2516 insigne
654 2438 849 2516 fragmentum
867 2446 984 2516 propter
1003 2437 1240 2498 Valckenaerium

187 2531 261 2589 inlra
275 2531 353 2590 dabo
369 2532 415 2589 Fr.
433 2531 560 2590 XXXII.

228 2624 243 2655 '¹
266 2624 393 2682 Pausan.
419 2624 514 2682 Boeot.
538 2645 566 2702 p.
590 2624 659 2681 729.
712 2621 848 2692 'ErrorhSn
871 2624 900 2688 ἐς
921 2622 971 2680 τὸν
994 2625 1119 2700 πόλεμον
1147 2632 1244 2685 τοῦτον

186 2720 231 2775 rol
246 2717 297 2787 ἔπη
313 2717 460 2791 θηβαίοις.
503 2723 546 2775 Τὰ
562 2716 590 2774 δὲ
605 2716 657 2785 ἔπη
670 2723 756 2773 ταῦτα
772 2720 917 2779 Καλαῑνος
930 2717 1096 2793 ἀφικόμενος
1105 2719 1200 2775 αὑτῶν
1214 2720 1243 2784 ἒς

185 2813 310 2887 μνήμην,
326 2809 427 2887 ἔφησεν
448 2809 580 2885 ’Όμηρον
598 2809 648 2866 τὸν
666 2810 822 2875 ποιήσαντα
840 2803 923 2863 εἶναι.
943 2804 1081 2884 Καλαίνῳ
1096 2806 1124 2865 δὲ
1139 2813 1243 2868 πολλοί

186 2904 272 2958 τεκαὶ
288 2902 359 2967 ἄξιοι
374 2903 462 2973 λόγου
477 2904 546 2956 κατὰ
561 2904 646 2957 romb
664 2898 803 2971 ἔγνωσαν.
844 2895 952 2953 Ineunt
971 2895 1085 2954 huncce
1104 2897 1244 2958 indicavit

187 2990 255 3047 mihi
277 2988 401 3047 Salmas.
429 2987 466 3045 ad
486 2987 579 3045 Solin.
604 3007 634 3064 p.
660 2989 729 3045 598.
758 2987 809 3057 D.,
830 2985 937 3063 quide
959 2985 1107 3045 Thebaide
1129 2989 1244 3067 cyclica

186 3078 331 3156 intelligit.
377 3078 471 3136 Possit
485 3087 583 3136 tamen
598 3079 671 3136 forte
683 3078 787 3136 rectius
797 3078 833 3136 de
846 3078 983 3150 carmine,
998 3077 1120 3138 alterum
1132 3080 1242 3139 bellum

186 3171 279 3228 solum
293 3169 517 3246 complectente,
528 3168 642 3238 eodem,
657 3168 736 3245 quod
753 3168 1039 3238 Herodotuslaudat,
1051 3171 1156 3249 accipi,
1173 3192 1241 3231 cum

187 3260 338 3339 usquead
361 3261 425 3320 haec
448 3262 532 3320 verba
553 3262 714 3320 Pausanias
733 3261 770 3319 de
792 3260 931 3338 Epigonis
950 3260 1090 3337 loquutus
1112 3262 1158 3322 sit.
1202 3265 1243 3322 At
1276 3248 1279 3253 ¹

187 3372 252 3414 vero
266 3357 390 3432 πόλεμον
407 3363 512 3425 τοῦτον,
528 3352 557 3410 ni
572 3351 665 3423 fallor,
686 3353 722 3410 de
743 3363 865 3429 utroque
884 3352 960 3410 bello
979 3352 1064 3412 dixit.
1083 3353 1121 3412 cf.
1138 3355 1243 3434 capitis

187 3447 278 3524 princ.
295 3456 325 3504 11
338 3446 389 3503 fin.
441 3445 519 3503 Hinc
535 3445 770 3503 Hemsterhusius
787 3443 925 3522 praeclare
938 3463 991 3523 pro
1005 3444 1143 3520 θηβαίοις
1157 3466 1242 3525 repo·

187 3539 244 3596 suit
261 3538 385 3613 θηβαίς.
430 3538 501 3595 Mox
521 3543 665 3603 Καλαῖνος
685 3536 714 3593 in
734 3541 878 3601 Καλλῖνος
898 3534 1241 3614 111111111111111,1111-

187 3630 327 3706 probante
351 3628 527 3687 Ruhnkenio
550 3628 585 3686 V.
608 3628 670 3686 Cel.
695 3628 731 3685 ad
752 3625 926 3685 Callimach.
946 3628 1093 3704 Fragmm.
1110 3649 1139 3705 p.
1156 3632 1241 3703 439„

186 3721 236 3799 qui
256 3721 317 3798 ipse
338 3720 510 3779 Callimachi
532 3739 637 3778 nomen
659 3719 793 3777 restituit.
836 3719 936 3778 Critici
953 3740 1015 3778 csse
1033 3719 1115 3792 dicit,
1132 3721 1241 3782 incerta

187 3832 274 3892 opera
298 3812 463 3870 auctoribus
486 3812 544 3869 suis
564 3810 720 3887 assignare,
736 3829 794 3868 non
811 3809 1015 3889 Elegographi.
1058 3813 1168 3871 Tamen
1183 3813 1241 3873 hoc

186 3925 245 3964 non
264 3923 350 3962 omne
369 3902 490 3960 dubium
512 3904 629 3974 eximat,
649 3921 714 3960 cum
735 3911 821 3979 poeta
835 3900 872 3959 de
893 3902 949 3960 alia
964 3921 993 3960 11
1005 3921 1181 3980 quacunque
1197 3905 1240 3963 lo-

186 4016 288 4075 quens,
304 3995 395 4054 obiter
409 3994 554 4065 carminis,
571 4005 722 4072 tamquam
747 3992 903 4064 Homerici,
922 3994 1098 4053 mentionem
1122 3995 1241 4074 injicere

187 4090 287 4167 possit,
308 4097 341 4146 ut
361 4088 438 4145 verbi
452 4105 541 4145 causa
556 4085 649 4144 lacere
664 4084 764 4144 debuit
779 4084 971 4157 Stesichorus,
987 4086 1009 4144 si
1025 4106 1091 4145 vera
1107 4100 1185 4159 sunt,
1202 4089 1239 4147 ad
