2880 4792
340 315 519 364 Λιιτοιιιε.
573 315 695 363 οοιτι.
750 311 927 362 mcum..
1096 287 1161 356 101

442 676 499 740 IV.
536 676 834 745 ΑΡΤΕΜΙΣ.

575 946 698 1011 XLIX.

108 1163 243 1228 STEPH.
264 1159 354 1224 Biz.
372 1161 562 1228 Κοτύλαιον·
586 1161 664 1247 ὄρος
681 1156 827 1245 Εὐβοίας
842 1155 1058 1240 ἀνακείμενον,
1076 1163 1171 1242 Apre-

107 1264 182 1350 μιὸι,
198 1269 244 1340 ὥς
259 1279 354 1351 φησιν
368 1260 565 1349 Ἀντίμαχος
580 1265 614 1328 ἐν
626 1257 808 1348 Ἀρτέμιδος
823 1257 861 1345 β.
872 1258 924 1324 CI.
938 1256 1054 1322 Strabo
1070 1255 1170 1336 XIII,

110 1392 142 1455 p.
159 1368 234 1432 612.
257 1366 363 1446 (898.)
380 1375 413 1430 et
434 1364 577 1428 Pausan.
593 1359 691 1443 VIII,
706 1362 759 1425 41.
783 1353 815 1426 ei
838 1361 879 1425 de
903 1360 999 1426 titulo
1016 1360 1171 1447 poematis

112 1491 209 1558 supra
225 1492 257 1556 p.
273 1469 327 1531 32.
852 1467 856 1479 '

628 2047 663 2111 L.

283 2258 409 2341 Ἐλθαίν
431 2259 584 2343 Εὗκλιία
604 2258 725 2362 πηγὰς
744 2258 809 2342 Im
827 2258 994 2357 δινήεντος.

115 2502 260 2565 Arnim.
276 2497 355 2562 VII.
373 2519 404 2582 p.
421 2497 496 2575 300,
513 2496 557 2560 Ι).
574 2495 614 2559 de
634 2496 787 2583 anguillis
808 2497 944 2584 loquens
960 2495 1105 2584 inprimis
1120 2498 1177 2562 bo·

115 2624 173 2665 nas
189 2622 260 2664 esse
276 2608 383 2664 narrat
397 2605 446 2665 καὶ
461 2605 531 2686 περὶ
546 2600 604 2664 τὸν
626 2598 749 2665 Εὐκλεᾶ
764 2602 821 2666 τὸν
836 2601 990 2683 ποταμὸν,
1006 2599 1043 2665 οὗ
1058 2626 1178 2684 μνημο-

116 2707 194 2770 νείιει
222 2699 420 2791 Ἀντίμαχος
450 2707 484 2769 ἐν
512 2711 583 2778 ταῖς
609 2705 871 2790 ἐπιγραφομέναις
899 2700 1033 2777 Δέλτοις
1062 2703 1176 2778 οὕτως·

115 2804 244 2873 Ἐλθὼν
260 2835 288 2872 κ.
308 2805 340 2870 λ.
377 2804 511 2869 Fluvius
527 2804 586 2868 iste
601 2804 679 2867 mihi
696 2806 828 2890 ignotus
840 2816 900 2883 est,
910 2813 941 2867 et
955 2803 1075 2868 frustra
1089 2806 1176 2889 apud

116 2906 222 2972 Strab.
239 2915 274 2972 et
288 2906 428 2993 reliquos
444 2906 657 2992 Geographos
673 2905 806 2971 Graecos
822 2905 987 2992 quaesitus.

473 3265 532 3331 VI.
580 3270 822 3336 IAXINH.

618 3488 670 3554 LI.

259 3752 313 3762 -
331 3700 382 3783 τοί
404 3699 434 3783 δ’
454 3699 506 3819 αἶρ’
526 3704 556 3782 αι’
575 3700 782 3818 αβολῆτομες
801 3696 912 3818 difien
931 3699 1036 3782 ἔασιν.

118 3939 239 4003 E'rI'M.
258 3937 307 4000 Μ.
331 3959 364 4023 ρ.
385 3938 415 3999 4.
436 3936 457 3999 l.
485 3936 514 3999 6.
558 3933 761 4021 Ἀβολὴτωρ.
809 3933 904 3999 Boi&
929 3941 977 4000 καὶ
998 3934 1174 4020 ἀντιβολῶ·

118 4045 191 4128 παρ’
208 4043 226 4108 ὃ
239 4043 275 4106 τὸ
291 4038 479 4126 α’βολίιτωρ,
496 4043 515 4104 ίι
528 4041 571 4123 μὴ
586 4036 788 4123 παρακαλῶν.
832 4037 1027 4123 Ἀντίμαχος
1042 4038 1175 4124 Ἰαχίνῃ“

118 4151 165 4210 τοί
182 4175 209 4210 κ.
227 4142 260 4208 λ.
276 4143 345 4208 α’ντῖ
367 4148 423 4206 τοῦ
444 4139 609 4227 μάρτυρες,
620 4138 872 4225 σννηλλαχότες,
886 4146 932 4205 καὶ
956 4144 1178 4226 συντυχόντες.
