2880 4792
294 310 344 379 90
604 332 821 383 νιοτιιιοοιιι
843 332 1045 389 assiduus.

682 760 728 823 II.
774 760 965 824 ΛὙΔΙ-Ι.

756 1055 901 1120 XXXV.

499 1256 692 1360 Φεύγοντος
711 1258 815 1360 γαίης
834 1255 944 1338 ἔκτοθι
966 1254 1153 1348 Δντιοίδος.

298 1481 580 1546 Ροντιιιοτιιυνι
603 1503 643 1545 ax
665 1482 764 1546 altero
783 1481 864 1545 libro
881 1481 986 1568 Lydes
1006 1480 1087 1545 citat
1100 1477 1213 1568 soeph.
1230 1478 1310 1566 Byr.
1325 1479 1359 1542 in

298 1583 426 1671 Fragm.
442 1584 574 1671 Seguer.
592 1607 621 1647 v.
639 1586 774 1649 Δώτιον.
799 1581 850 1646 De
868 1582 974 1662 Dotio,
988 1581 1164 1646 Thessaliae
1182 1581 1314 1669 oppido,
1328 1591 1360 1645 et

296 1687 436 1774 regione,
451 1687 497 1750 ita
512 1684 628 1749 Strabo
644 1681 705 1748 IX.
721 1705 752 1768 p.
765 1684 839 1747 442.
851 1684 958 1763 (674.)
989 1681 1048 1751 Ἐν
1063 1688 1107 1769 τῴ
1125 1689 1238 1769 Δωτίω
1252 1681 1359 1769 πεδίῳ·

296 1794 390 1855 τοῦτο
406 1784 434 1854 δ’
453 1793 517 1855 ἐστὶ
532 1787 671 1863 τλήσιον
686 1795 742 1861 τῆς
763 1783 963 1873 Πεῤῥαιβίας
979 1791 1026 1851 καὶ
1042 1796 1099 1862 τῆς
1114 1785 1241 1862 Ὄσσης
1257 1791 1307 1852 καὶ
1320 1786 1361 1852 ’ἔτι

296 1900 352 1966 τῆς
383 1886 588 1976 Βοιβηίτιδος
617 1886 745 1970 λίμνης,
774 1892 807 1954 ἐν
836 1890 914 1974 μέσῃ
940 1892 997 1972 μέν
1026 1915 1097 1963 πως
1125 1893 1165 1974 τῇ
1195 1886 1359 1972 Θετταλίᾳ.

296 1991 389 2056 Adeo
406 1993 531 2066 Διντιᾶς
546 2000 621 2076 γαῖα
642 1988 728 2053 idem
747 1989 817 2067 erit,
833 1987 921 2075 quod
938 1987 1048 2056 πεδίον
1064 1990 1189 2054 Δώτιον
1208 1988 1241 2051 in
1261 1987 1372 2074 Apol?

297 2092 375 2155 lonii
391 2092 455 2156 Rh.
470 2114 575 2171 versu,
588 2113 607 2154 a
623 2089 734 2176 Steph.
749 2091 899 2155 adducto.
943 2089 1019 2154 Jam
1035 2089 1151 2155 Strabo
1165 2090 1273 2155 verbis
1289 2090 1359 2155 istis

298 2193 409 2257 statim
430 2193 564 2278 subjicit
583 2213 693 2256 versus
717 2190 864 2269 Hesiodi,
879 2214 962 2278 quos
986 2192 1013 2256 si
1035 2193 1225 2279 conjungas,
1245 2191 1360 2257 urlll.

299 2294 447 2380 Heynius
460 2295 619 2381 sagaciter
633 2294 672 2358 ad
690 2293 839 2379 Apollod.
856 2315 889 2380 p.
906 2294 981 2359 695.
998 2294 1084 2372 feeit,
1099 2315 1174 2358 oum
1192 2294 1256 2360 alio
1276 2296 1362 2383 ejus-

298 2396 372 2462 dem
380 2408 483 2484 poetae
492 2393 856 2484 fragmento,aPindari
868 2393 976 2461 schor
986 2395 1027 2460 ad
1039 2395 1137 2483 Pyth.
1148 2394 1213 2461 111.
1225 2407 1361 2477 servato,

299 2499 434 2579 videbis,
457 2497 649 2564 Coronidem
677 2496 820 2561 Hesiodo
844 2497 919 2577 dici,
946 2521 1021 2585 quae
1047 2501 1161 2584 νίψατο
1185 2497 1362 2585 Βοιβιάδος

298 2599 416 2686 λίμνης
429 2600 523 2680 πόδα,
539 2605 650 2686 Δωτίῳ
670 2603 703 2666 ἐν
723 2598 828 2686 πεδίῳ.
880 2599 969 2673 Quin
985 2601 1018 2664 in
1034 2598 1156 2685 Hymn.
1173 2599 1270 2666 Hom.
1286 2600 1361 2681 XV,

299 2703 462 2783 3,clarius
486 2701 713 2788 AEsculapium
739 2706 851 2788 Δωτίῳ
873 2705 907 2770 ἐν
929 2700 1024 2788 πεδίῳ
1047 2703 1210 2789 peperisse
1226 2702 1362 2768 Coronis

299 2805 428 2871 dicitur.
473 2805 538 2870 Alii
559 2804 644 2868 enim
667 2803 849 2883 Laceream,
864 2803 1087 2869 Thessalicum
1107 2805 1227 2886 locum,
1244 2806 1360 2893 puellae

300 2906 402 2970 fecere
414 2906 560 2993 patriam,
573 2915 610 2969 ut
622 2905 717 2970 Pind.
732 2906 830 2992 Pyth.
843 2905 980 2987 111,59.,
989 2927 1086 2994 quem
1100 2905 1251 2993 sequitur
1264 2906 1363 2994 Apol·

300 3007 364 3071 lon.
378 3007 443 3071 Rh.
455 3008 516 3087 IV,
528 3008 616 3083 616,
625 3009 682 3095 qui
694 3009 785 3071 loeus
797 3016 903 3072 tamen
913 3019 947 3074 et
959 3008 1026 3095 ipse
1037 3009 1202 3095 proximus
1213 3005 1362 3073 Boebeidi

301 3107 412 3193 paludi
427 3108 499 3172 fuit.
544 3109 597 3185 An
613 3109 712 3195 igitur
726 3109 760 3172 in
785 3109 841 3174 illo
855 3110 1042 3175 Antimachi
1065 3131 1159 3174 versu
1183 3131 1288 3176 sermo
1303 3110 1364 3175 fuit

301 3208 341 3272 de
357 3207 473 3295 Ischye
489 3219 522 3273 et
538 3209 711 3289 Coronide,
726 3210 840 3275 horum
861 3212 960 3276 nobili
976 3213 1009 3276 in
1028 3211 1148 3276 fabulis
1163 3213 1297 3277 amore?
1321 3234 1362 3277 an

301 3312 410 3396 potius
424 3311 466 3376 de
479 3311 652 3393 Thessalis,
669 3312 768 3378 Dotio
782 3314 903 3393 relicto,
917 3314 949 3378 in
963 3314 1107 3379 Cnidum
1126 3313 1267 3379 insulam
1286 3314 1361 3380 olim

303 3412 463 3497 profectis,
475 3413 516 3477 de
532 3413 653 3501 quibus
669 3438 698 3478 v.
711 3413 848 3480 Salmas.
862 3416 903 3480 ad
916 3415 1036 3481 Herod.
1052 3414 1151 3480 Rhet.
1165 3414 1316 3503 inscript„
1329 3438 1361 3503 p.

302 3514 485 3579 28.-Haeo
505 3516 639 3602 quidem
661 3518 857 3603 conjectura,
874 3519 901 3582 si
919 3519 986 3583 ulla
1006 3519 1040 3581 io
1060 3517 1181 3582 talibus
1195 3516 1364 3582 hariolatio

301 3637 372 3679 esse
395 3626 511 3702 potest,
535 3620 645 3684 melior
668 3619 816 3684 videatur
838 3620 949 3707 priore,
970 3642 1045 3685 cum
1067 3620 1196 3685 illorum
1219 3642 1362 3712 amorum

301 3717 404 3782 tristis
433 3720 541 3784 exitus
565 3722 651 3785 omni
675 3722 762 3809 fugae
786 3723 878 3788 valde
904 3719 1364 3788 adversetur.-SCH.-Ste·

303 3819 430 3906 phanus
446 3821 583 3909 Byzant.
601 3847 632 3887 v.
651 3825 1014 3938 dorios-’‘Amtoaxoc
1029 3828 1062 3892 ἐν
1078 3823 1113 3891 Β’
1128 3822 1247 3901 Λύδης·

530 3977 714 4061 Φεύγοντος
731 3978 839 4063 χώρας
854 3974 955 4043 ’ἔκτοθι
971 3973 1144 4051 Δωτιίιδος.

304 4122 379 4188 Vid.
393 4123 551 4188 Valcken.
570 4123 610 4187 ad
628 4123 759 4189 Scholia
774 4125 807 4188 in
820 4124 931 4211 Eurip.
949 4125 1112 4191 Phoeniss.
1129 4129 1171 4190 52
1183 4150 1284 4215 quem
1296 4149 1363 4192 ver·
