2880 4792
322 283 363 351 lo
628 301 847 350 aurrarncur
871 301 1070 356 ustionis-1.

316 451 503 515 sinibrotum
532 449 695 529 Thasium,
721 449 855 514 Periclis
878 472 946 514 aevo
976 450 1105 531 vixisse,
1129 471 1168 514 ex
1191 450 1371 517 Athenaeo*

317 553 447 629 scimus,
461 552 549 637 quod
569 552 663 638 plane
684 572 758 616 curn
781 551 966 615 Antimachi
982 552 1075 614 annis
1090 552 1250 638 congruit.
1299 554 1373 640 Ipsa

316 651 414 729 sama,
428 674 502 737 quae
518 650 605 715 hunc
618 651 704 714 illius
718 651 915 737 discipulum
928 651 1016 729 lacit,
1026 651 1106 714 nihil
1118 662 1197 737 puto
1210 652 1374 733 incertius,

315 764 352 817 ut
366 755 467 817 altera
482 754 568 840 apud
585 753 729 832 Suidam,
739 775 836 839 quarn
853 753 884 815 in
900 765 987 830 nota,
999 753 1056 839 qui
1071 754 1164 833 volet,
1179 754 1278 840 legat,
1293 755 1372 819 nihil

316 855 413 920 etiarn
430 854 609 919 absurdius.

360 956 439 1020 llaec
456 957 519 1020 sere
535 964 620 1032 sunt,
639 978 713 1042 quae
732 954 771 1019 ad
793 954 934 1018 historiae
955 955 1053 1019 fidem
1068 957 1109 1020 de
1127 965 1238 1019 nostro
1254 957 1373 1020 narrari
1425 936 1432 949 ⁶

316 1058 449 1142 possint,
468 1079 581 1143 pauca,
597 1056 706 1134 fateor,
722 1067 755 1119 at
774 1056 866 1142 plura
882 1068 999 1133 tamen,
1015 1079 1114 1144 quam
1130 1056 1226 1119 hodie
1242 1057 1283 1122 de
1300 1059 1371 1121 aliis

315 1159 425 1223 multis
445 1159 652 1244 superstitum
673 1167 839 1220 auctorum
862 1166 1026 1242 comperta
1047 1157 1217 1236 habemus,
1239 1158 1274 1221 in
1294 1181 1373 1245 quo-

315 1280 385 1322 rum
400 1257 500 1322 natali
517 1259 586 1322 loco
598 1259 732 1345 ipsaque
748 1268 844 1323 aetate
857 1280 922 1323 non
937 1280 1007 1321 raro
1020 1259 1052 1321 in
1069 1280 1196 1321 summa
1209 1280 1372 1323 versamur

315 1360 526 1424 dubitatione.
572 1359 680 1445 Longe
698 1361 791 1445 plura
806 1360 847 1424 de
861 1361 933 1445 ejus
949 1360 1077 1424 fortuna
1091 1359 1255 1438 sciremuS,
1271 1360 1298 1423 si
1317 1362 1373 1424 uni

313 1461 447 1525 carmini
470 1460 574 1546 Lydes
595 1461 680 1525 edax
701 1471 828 1547 tempus
848 1461 1053 1548 pepercisset,
1069 1462 1102 1524 in
1126 1483 1192 1547 quo
1216 1461 1374 1525 derebus

314 1562 382 1626 suis
402 1562 561 1648 variisque
579 1562 709 1626 casibus
729 1585 795 1626 non
816 1583 919 1648 pauca
939 1563 1044 1627 inesse
1062 1563 1259 1628 debuerunt.
1305 1564 1370 1628 Pa-

313 1672 394 1728 teret
412 1663 488 1727 hinc
503 1664 583 1728 sorte
598 1664 706 1742 etiam,
722 1664 777 1726 ubi
793 1665 934 1728 locorum
953 1665 1156 1749 potissimum
1177 1664 1314 1750 degerit,
1330 1667 1371 1730 de

313 1787 379 1851 quo
394 1786 481 1828 nnnc
500 1786 564 1827 non
580 1764 641 1827 nisi
658 1765 850 1850 conjecturis
871 1776 991 1828 certare
1007 1766 1093 1828 licet.
1139 1764 1277 1829 Athenis
1297 1789 1374 1830 eum

313 1866 444 1953 aliquod
461 1875 587 1951 tempus
605 1866 735 1943 vixisse,
752 1865 899 1929 Platonis
918 1866 1117 1930 familiaritas
1135 1886 1209 1929 cum
1232 1888 1271 1931 eo
1292 1888 1371 1930 con-

312 1978 416 2031 tracta
427 1968 525 2031 fidem
540 1967 643 2030 facere
658 1966 770 2052 possit,
786 1966 919 2053 ipsaque
934 1989 1064 2053 quoque
1079 1967 1243 2031 Ciceronis
1259 1989 1368 2032 narra·

312 2067 469 2145 tiuncula,
485 2067 510 2130 si
530 2067 662 2153 quidem
684 2067 833 2131 volumen
856 2091 951 2132 suum
971 2068 1224 2133 Atheniensibus
1248 2069 1388 2133 lectum'

312 2168 542 2232 existimemus.
589 2167 751 2255 Equidem
772 2169 836 2232 veri
855 2170 992 2255 speciem
1011 2172 1176 2256 quandam
1193 2170 1245 2233 his
1261 2173 1371 2236 conci-

312 2270 382 2335 liari
400 2293 494 2357 posse
514 2270 628 2347 sentio,
643 2272 842 2334 remotiorem
861 2280 968 2336 tamen
991 2273 1032 2336 ab
1052 2273 1204 2338 historica
1225 2274 1371 2339 veritate.

314 2371 518 2436 Probabilius
538 2382 597 2451 est,
612 2371 808 2436 Antimacho
828 2372 860 2434 in
882 2374 960 2437 urbe
981 2374 1080 2438 natali
1103 2374 1291 2462 Colophone
1311 2376 1371 2440 do·

312 2476 467 2540 rnicilium
496 2475 607 2554 fuisse,
634 2475 872 2561 maximamque
904 2475 947 2539 ibi
975 2476 1080 2540 aetatis
1110 2485 1234 2562 partem
1260 2479 1304 2543 ab
1330 2501 1369 2544 eo

311 2587 524 2642 consumtum.
578 2576 650 2641 Hoc
679 2586 764 2640 certe
789 2585 826 2639 ut
854 2598 1022 2661 ponamus,
1048 2576 1171 2641 faciunt
1199 2579 1265 2643 duo
1295 2581 1371 2660 loci,

313 2678 583 2743 Hermesianactis
610 2678 642 2740 in
673 2677 787 2763 Elegia
817 2677 926 2741 statim
954 2678 993 2740 ad
1022 2687 1130 2762 partes
1155 2682 1310 2761 vocanda,
1336 2692 1371 2748 et

312 2781 419 2845 Procli
439 2781 471 2843 in
494 2779 734 2843 Commentario
754 2779 795 2842 ad
813 2778 960 2842 Platonis
974 2778 1143 2859 Timaeum,
1159 2780 1200 2845 de
1215 2804 1282 2867 quo
1297 2784 1369 2848 loco

310 2882 460 2946 disertius
481 2880 564 2943 infra
586 2879 758 2944 dicendum
781 2879 849 2942 erit.
895 2879 969 2943 Jarn
985 2879 1232 2968 Elegographus
1254 2884 1315 2947 etsi
1331 2885 1366 2948 in

309 2983 359 3060 iis,
374 3004 449 3068 quae
472 2980 625 3058 Hesiodo,
642 2979 834 3043 Anacreonti
855 2980 989 3066 aliisque
1010 2981 1045 3044 in
1064 2982 1203 3047 carmine
1219 2984 1369 3065 tribuit,†

309 3083 431 3146 nullam
454 3103 512 3144 nec
535 3088 672 3144 meretur
691 3102 750 3145 nec
772 3080 894 3145 invenit
909 3082 1017 3161 fidem,
1034 3091 1142 3146 tamen
1158 3083 1191 3146 in
1207 3084 1269 3164 his,
1287 3109 1363 3172 quae

309 3184 350 3247 de
366 3190 460 3267 poeta
474 3189 583 3244 nostro
597 3181 732 3267 ejusque
748 3182 781 3245 in
794 3182 903 3269 Lyden
919 3204 1023 3246 amore
1040 3183 1155 3267 prodit,
1168 3193 1280 3270 utpote
1291 3208 1367 3271 quae

309 3283 443 3370 tempori
465 3304 523 3346 suo
548 3281 696 3368 propiora
717 3295 817 3361 erant,
839 3306 896 3369 pro
917 3283 1125 3370 locupletiore
1148 3292 1230 3347 teste
1254 3285 1366 3351 haberi

308 3395 393 3449 recte
410 3383 532 3470 poterit.
579 3382 617 3445 ln
638 3382 701 3446 illis
716 3383 811 3462 enirn,
827 3396 1002 3470 temporum
1020 3384 1189 3449 intervallo
1209 3386 1366 3467 obscuris,

308 3495 341 3549 et
354 3485 534 3548 fabularum
552 3483 690 3547 ludibrio
710 3486 829 3569 passim
841 3486 908 3570 jam
925 3485 1070 3564 deflexis,
1086 3487 1115 3550 ei
1131 3487 1268 3551 liberum
1284 3500 1364 3570 erat,

308 3587 358 3650 vel
374 3586 479 3673 priora
494 3585 606 3649 iterare
629 3586 681 3648 vel
702 3607 784 3649 nova
805 3587 944 3672 fingere3
973 3607 1048 3649 cum
1062 3587 1096 3649 in
1113 3589 1207 3651 rebus
1223 3588 1365 3655 hominis

308 3690 405 3754 fenne
419 3688 563 3775 aqualia,
579 3696 611 3750 et
625 3709 719 3773 quern
736 3688 842 3773 plures
857 3688 938 3751 adeo
953 3687 1107 3752 lectorum
1121 3690 1229 3755 adhuc
1244 3691 1365 3756 vidisse

549 3989 565 4021 *
588 3985 727 4062 Deipnos.
743 3985 826 4044 Xlll.
843 4006 870 4065 p.
887 3988 957 4046 589.
974 3988 1010 4047 E.

550 4087 569 4150 †
590 4077 627 4133 V.
643 4078 693 4136 21.
710 4096 774 4155 sqq.
790 4079 839 4138 51.
856 4098 899 4154 sq.
