2880 4792
280 279 350 349 122
581 298 800 348 ANTlllncm
823 300 1027 356 untionis.

279 455 383 514 totum
405 446 511 511 locum
532 447 704 535 exscripsit
722 469 761 513 ex
782 447 926 536 antiquis
947 448 980 511 in
997 445 1177 512 Homerum
1196 443 1340 522 scholiis,
1363 532 1365 534 Ι

280 559 380 637 atque
405 569 445 614 ex
469 547 510 613 iis
533 548 620 614 hunc
644 550 677 613 iu
704 549 837 615 modum
860 549 1079 637 corrigendus.
1127 547 1193 611 Pro
1214 549 1341 634 Κράτης

282 650 366 737 λέγει
382 672 497 738 repone
513 656 744 740 Ἀρέσταρχοςε
768 662 800 717 et
814 673 888 717 mox
907 653 1034 739 Κράτης
1055 649 1086 718 δὲ
1106 654 1268 737 προκρίνει
1283 651 1341 724 τὴν

282 750 331 820 διὰ
347 760 403 819 τοῦ
418 782 438 818 α
453 757 592 839 γραφὴν,
606 761 655 820 καὶ
673 751 850 831 Ζηνόδοτος
871 752 918 846 (δὲ
934 764 1074 820 σνναινεῖ
1092 757 1132 839 τῇ
1154 748 1232 837 δίχα
1250 757 1306 815 τοῦ
1322 753 1341 814 ἃ

281 860 403 942 γραφῇ)
417 861 465 921 καὶ
487 861 574 940 φησί,
590 853 717 932 σπιδέος
737 862 793 921 τοῦ
814 855 939 943 ιἰπόρου
961 861 1010 921 καὶ
1030 858 1166 942 τραχέος
1182 858 1232 918 καὶ
1247 853 1342 937 μεγά-

283 954 354 1022 λου.
372 964 438 1037 (καὶ
453 958 600 1043 Ἀμερίας
620 955 651 1024 δὲ
673 957 768 1044 λέγει,
784 955 992 1037 σπιδέος,τοῦ
1012 956 1141 1023 πολλοῦ
1162 961 1212 1020 καὶ
1234 957 1340 1040 εὐρέος

283 1063 332 1124 καὶ
354 1058 525 1145 μεγάλαν)
547 1059 635 1145 κάγὼ
659 1057 690 1126 δε
716 1057 974 1145 συγκατατίθεμαι
996 1069 1065 1134 τοῖς
1087 1055 1253 1144 ιἰνδράσιν·
1276 1058 1341 1141 ὁρῶ

283 1160 347 1245 γάρ
362 1160 492 1238 πολλὴν
506 1163 564 1237 τὴν
576 1164 722 1237 τοιαύτην
739 1171 854 1248 χρῆσιν
868 1163 954 1247 παρὰ
966 1170 1034 1236 τοῖς
1047 1157 1319 1248 ἄρχαίοις-ΒΕ.

739 1504 895 1568 lxxvi.

626 1713 852 1794 Κονισσάλεον
876 1712 1000 1832 δίφρον.

287 1947 407 2014 Esau.
424 1949 473 2015 M.
488 1971 521 2037 p.
534 1949 609 2014 261.
625 1949 647 2012 l.
663 1949 715 2013 48.
731 1949 771 2013 de
789 1959 926 2014 accentu
945 1948 1176 2036 adjectivorum
1198 1948 1230 2010 in
1247 1948 1342 2024 αλιος

284 2052 518 2117 desinentium:
543 2051 725 2136 Δειμαλέος·
749 2049 903 2138 εὐλαβής·
927 2053 1031 2139 ὥσπερ
1054 2051 1119 2118 άπὸ
1138 2057 1195 2117 τοῦ
1217 2047 1343 2138 τάρβος

286 2159 405 2241 γίνεται
419 2151 612 2241 ταρβαλέος,
625 2154 708 2220 οὕτω
723 2158 772 2220 καὶ
788 2152 853 2220 άπὸ
866 2160 923 2218 τοῦ
939 2151 1056 2237 δεῖμος,
1071 2150 1243 2237 δειμαλέος.
1292 2159 1350 2218 Δεῖ

288 2253 320 2322 δὲ
336 2257 513 2342 γινώσκειν,
529 2259 576 2322 ὅτι
590 2257 629 2322 τά
644 2252 693 2321 διὰ
708 2261 765 2321 τοῦ
780 2254 876 2330 αλιος
895 2257 971 2342 ὑπὲρ
986 2264 1070 2342 τρεῖς
1084 2252 1262 2343 συλλαβάς
1281 2256 1345 2342 πρὸ

286 2361 360 2442 μιᾶς
383 2360 441 2424 τὸν
462 2360 559 2423 τόνον
584 2359 724 2444 ἐ’χουσιν·
749 2359 819 2424 οἷον
844 2355 1004 2445 ιἰργαλέος
1030 2355 1200 2442 νηφαλέος.
1249 2365 1347 2433 Σεση·

286 2463 436 2544 μειωμένα
464 2456 495 2526 δὲ
522 2464 580 2525 εἰσὶ
606 2465 639 2540 (a
665 2459 775 2546 regula
799 2471 936 2546 excepta
962 2463 1051 2537 sunt)
1078 2464 1214 2545 τέσσαρα
1239 2465 1345 2523 ταῦτα·

289 2557 476 2638 Δαιδάλεος,
492 2561 556 2628 ‹ini›
576 2567 633 2627 τοῦ
654 2558 839 2638 δαιδάλειος·
866 2563 929 2629 ἔστι
949 2568 998 2629 καὶ
1019 2561 1348 2637 κονισάλεος-Κονι·

287 2662 405 2730 σάλεον
425 2660 540 2750 δίφρον
559 2664 645 2750 παρὰ
660 2659 853 2751 Ἀντιμάχῳ·
877 2663 941 2731 ιἰπὸ
962 2672 1019 2730 τοῦ
1040 2662 1252 2743 κονισάλειος,
1269 2663 1348 2730 ιἰπο-

285 2763 378 2854 βολῇ
389 2773 446 2831 τοῦ
458 2779 480 2833 ἱ·
504 2763 712 2843 ιἰτασθάλεος,
723 2765 787 2832 ιἰπὸ
796 2773 853 2831 τοῦ
865 2763 1048 2842 ιἰτάσθαλος
1061 2765 1256 2852 πλεονασμῷ
1267 2773 1323 2832 τοῦ
1336 2777 1349 2831 ἓ

287 2871 432 2954 γέγονεν,
456 2867 476 2944 ἢ
505 2866 569 2934 άπὸ
591 2872 647 2932 τοῦ
672 2865 883 2944 άτασθίιλειος
905 2866 1064 2944 αἰθάλεος.
1109 2865 1269 2932 Scribitur
1291 2868 1348 2948 sic,

287 2976 423 3031 accentu
453 2966 487 3031 in
516 2967 802 3054 antepenultimam
834 2978 981 3049 retracto,
1012 2969 1107 3032 etiam
1137 2968 1171 3031 in
1203 2967 1348 3056 Hesych.

288 3067 394 3156 Supra
406 3070 471 3134 duo
483 3069 622 3157 sigmate
633 3071 760 3135 exaravi
773 3096 782 3134 :
804 3093 879 3134 nam
891 3071 984 3136 aliter
995 3071 1027 3134 in
1040 3070 1180 3136 carmine
1192 3071 1270 3157 poni
1284 3093 1348 3136 non

288 3171 404 3256 potuit.
449 3171 653 3236 Vocabulum
669 3172 752 3236 inter
765 3173 889 3260 glossas
904 3173 1115 3238 referendum.

733 3548 911 3614 LXXVll.

584 3821 641 3831 -
661 3822 717 3833 —
738 3772 854 3893 θέρεος
873 3777 1058 3894 σταθεροῒο.

287 4006 423 4070 Sumns
439 4005 477 4071 T.
500 4005 566 4087 ΙΙΙ,
583 4028 614 4092 p.
636 4005 710 4070 367.
758 4006 929 4097 Σταθερόν·
952 4010 1018 4090 ὀξὺ,
1042 4014 1191 4097 ἰσχυρὸν,
1217 4015 1351 4099 θερμὸν,

286 4112 448 4194 στάσιμον·
472 4112 510 4177 τὸ
526 4107 575 4176 διὰ
596 4111 655 4186 τὴν
676 4107 812 4188 ὀξύτητα
831 4121 887 4189 τῆς
909 4116 1059 4190 κινήσεως
1080 4116 1205 4182 ἑστάναι
1221 4112 1350 4183 δοκοῦν.
