2880 4792
192 319 240 387 68
495 338 713 389 usrrrmcru
743 335 946 393 antrorum.

703 580 746 646 X.

222 752 346 834 Πάντα
364 752 466 863 μάλ’,
486 752 554 835 ’ὅσα
552 749 801 858 'Alpoerroc’
789 788 1033 889 εποιχομενονς
1053 747 1209 832 ἐκέλευσε

218 862 428 1004 Ρεξίμεν·’
416 901 447 947 εν
466 903 527 975 μεν
499 861 635 982 edu
656 861 783 946 ἓνδΗ
759 866 871 960 mad
872 901 905 955 ες
923 860 1004 974 μελι
1023 900 1107 967 χευε

220 974 384 1082 Ἀργυρίιρ
464 978 533 1082 ripa
548 903 772 1082 πιριφραδίας
785 973 969 1080 aspiceres

220 1085 449 1195 Νιίμησανι
401 1013 664 1226 xllhvmpe
677 1088 767 1179 θοοῖς
786 1086 1016 1181 βασιλεῦσιν’
993 1087 1175 1278 θΑχινιον,

218 1198 282 1279 Ἐκ
301 1198 400 1305 χερὸς
419 1201 584 1292 eluredus,
605 1235 666 1279 νισι
687 1197 720 1288 ἔς
739 1194 924 1293 λοιβην
878 1235 958 1300 χιον
978 1194 1025 1279 εἶθ
1026 1235 1069 1302 ap

221 1310 366 1419 Xpuorrp
387 1309 524 1417 προχόῳ
545 1358 601 1371 -

191 1509 297 1574 Hunc
319 1512 426 1576 locum
447 1533 521 1576 cum
543 1511 754 1598 sequentibus
776 1509 905 1576 duobus
920 1508 1100 1573 Athenaeus
1122 1507 1251 1574 adhibet

189 1613 221 1676 in
237 1613 455 1700 disputatione
477 1614 517 1678 de
537 1613 725 1700 poculorum
740 1612 830 1677 vario
850 1633 978 1700 genere,
996 1632 1053 1698 per
1071 1609 1251 1698 sequidem

188 1715 309 1801 inepta,
325 1716 417 1781 nobis
433 1736 507 1779 vero
528 1713 710 1792 utilissima,
724 1723 762 1778 ut
776 1736 871 1778 usum
891 1713 1005 1800 probet
1026 1713 1155 1778 rarioris
1169 1712 1251 1778 vocis

189 1812 365 1904 δέπαστρον
391 1839 448 1903 pro
470 1814 575 1895 δέπας,
595 1837 693 1903 quarn
718 1814 864 1901 inprimis
886 1813 1082 1878 Antimacho
1104 1813 1250 1900 tiequcn-

187 1925 288 1980 tatam
318 1919 417 1983 fuisse
447 1918 605 1983 videmus.
651 1914 704 1979 Sic
730 1915 784 1980 ille
815 1916 935 2002 Deipn.
965 1913 1027 1980 Xl.
1055 1937 1087 2001 p.
1110 1915 1189 1979 468.
1213 1914 1250 1978 A.

191 2017 330 2096 Σιληνὸς
351 2027 399 2086 καὶ
422 2020 622 2105 Κλείταρχος
643 2022 676 2085 ἐν
694 2016 872 2096 Γλώσσαις,
895 2019 980 2104 παρὰ
1003 2016 1202 2105 Κλειτορίοις
1215 2018 1250 2083 τὰ

188 2124 322 2207 ποτήρια
342 2119 498 2208 δέπαστρα
518 2119 691 2186 καλεῖσθαι.
735 2119 932 2207 Ἀντίμαχος
953 2117 980 2185 δ’
1001 2123 1019 2185 ὁ
1040 2119 1251 2207 Κολοφώνιος

189 2225 222 2287 ἐν
236 2226 364 2309 πέμπτῳ
377 2220 544 2309 θηβοίδος
560 2227 666 2308 φησίν.
700 2218 811 2287 Πάντα
826 2250 854 2287 κ.
870 2220 903 2287 λ.
941 2220 1159 2285 Antimachea
1172 2220 1251 2286 lucis

188 2322 312 2408 aliquid
333 2332 521 2386 mutuantur
543 2344 562 2385 a
585 2322 691 2386 verbis
708 2321 840 2407 Ulpiani
862 2343 915 2408 ap.
932 2321 1053 2385 Athen.
1070 2319 1133 2386 XI.
1151 2322 1249 2409 princ.

190 2426 282 2510 Παρὰ
308 2430 352 2512 τῷ
379 2422 554 2511 Ἀδράστῳ,
579 2422 694 2509 ἄνδρες
720 2422 819 2510 φίλοι,
843 2427 1029 2500 καθίσαντες
1056 2426 1086 2489 οἱ
1114 2422 1250 2510 ἀριστεῖς

188 2522 379 2606 δειπνοῦσιν,
406 2549 482 2613 quae
505 2526 556 2591 vel
581 2547 598 2588 e
621 2524 745 2611 cyclica
768 2524 819 2588 vel
841 2524 942 2589 nostri
964 2523 1132 2590 Thebaide
1152 2525 1252 2612 petita

188 2638 273 2692 sunt.
318 2628 399 2693 lnde
423 2628 610 2713 conjectura
636 2627 685 2707 lit,
709 2626 751 2690 ab
774 2626 968 2691 Antimacho
991 2626 1176 2692 convivium
1198 2627 1252 2692 de·

187 2731 352 2817 scriptum,
364 2752 429 2817 quo
444 2729 605 2794 Adrastus
618 2730 716 2794 duces
731 2727 772 2793 ad
784 2728 912 2794 Thebas
928 2750 1038 2794 secum
1053 2729 1251 2815 profecturos
1295 2806 1302 2823 .

187 2833 359 2919 exceperit.
406 2832 445 2896 ln
461 2830 579 2912 Statio,
597 2841 633 2895 ut
648 2830 717 2917 jam
735 2831 777 2894 N.
797 2830 934 2895 Lbeusis
948 2830 1047 2896 Misc.
1063 2829 1188 2918 Epiph.
1205 2829 1250 2912 11,

188 2934 217 2995 7.
234 2934 315 2998 bene
330 2933 467 3013 monuit,
482 2932 564 2995 nihil
579 2933 692 2996 horum
712 2932 860 3018 legimus,
875 2932 938 2996 nisi
958 2931 1045 3019 quod
1060 2932 1083 3010 l,
1098 2933 1164 2997 510
1178 2954 1248 3019 sqq.

188 3034 280 3112 duos,
294 3036 440 3122 Tydeum
455 3043 488 3098 et
509 3033 698 3120 Polynicen,
713 3034 852 3119 primum
868 3034 1074 3100 advenientes
1090 3033 1251 3100 Adrastus

187 3135 316 3220 excipit,
330 3157 404 3199 mox
421 3157 530 3200 eorum
551 3157 625 3200 cum
641 3134 771 3200 filiabus
791 3135 922 3223 nuptias
940 3137 1093 3215 celebrat,
1110 3135 1160 3217 ll,
1176 3136 1251 3200 306.

187 3257 236 3322 sq.
281 3237 327 3301 At
349 3237 460 3322 epulas
484 3259 548 3302 non
572 3237 700 3302 duobus
722 3247 895 3325 apparatas
915 3237 970 3302 hic
990 3237 1033 3302 ab
1052 3237 1251 3303 Antimacho

187 3335 335 3416 describi,
356 3337 416 3424 ipsi
441 3359 551 3402 versus
575 3339 724 3403 innuunt.
772 3339 881 3404 Multa
906 3339 958 3403 hic
982 3339 1131 3426 ignorare
1156 3337 1252 3403 bodie

187 3461 245 3502 nos
260 3448 396 3528 oportet,
406 3461 480 3504 cum
496 3441 741 3528 auctorum,qui
755 3440 824 3505 haec
839 3463 877 3505 ex
892 3441 1041 3505 instituto
1058 3439 1252 3519 tractarunt,

187 3543 296 3606 nullus
320 3543 352 3605 in
376 3542 525 3606 manibus
550 3543 602 3606 sit.
648 3543 693 3606 At
716 3565 826 3607 versus
852 3543 906 3607 isti
934 3543 1045 3606 leviter
1070 3542 1250 3629 refingendi

186 3653 274 3724 sunt,
291 3643 438 3730 quamvis
454 3643 614 3708 lubricum
635 3643 679 3707 sit
698 3645 857 3732 attingere
871 3645 978 3720 verba,
993 3665 1134 3732 quorum
1152 3645 1252 3730 junc-

185 3754 290 3808 turam
316 3746 411 3832 plane
435 3744 607 3810 nescimus.
654 3745 696 3808 V.
719 3747 750 3810 2.
774 3769 834 3811 scr.
860 3753 957 3834 χεῐνον
979 3769 1004 3810 s.
1030 3753 1139 3833 χεῦαν,
1160 3748 1249 3834 quod

180 3846 385 3933 jungendum
411 3855 460 3911 est
479 3868 553 3910 cum
574 3849 754 3934 κερόωντες,
775 3857 807 3911 et
827 3847 963 3934 intellig.
985 3847 1026 3911 de
1048 3846 1250 3932 praeconibus

185 3969 241 4011 seu
262 3947 403 4028 famulis
427 3949 467 4011 ad
493 3970 576 4035 quos
599 3948 695 4012 etiam
719 3953 958 4036 ἐποιχομένους,
974 3971 1003 4011 v.
1023 3949 1050 4011 l.
1067 3947 1178 4012 malim
1203 3969 1251 4012 re-

186 4050 277 4131 ferre,
292 4073 390 4138 quam
414 4051 454 4115 ad
477 4050 598 4115 heroes.
623 4052 662 4115 V.
678 4055 707 4116 5.
732 4056 866 4118 εἶστιῶσι
889 4051 1066 4116 secundam
1087 4051 1247 4136 syllabam

72 4157 74 4161 ’
186 4154 373 4238 productam
397 4154 513 4218 habere
534 4163 650 4239 potest,
667 4154 803 4240 nequid
825 4164 941 4218 mutes.
989 4153 1057 4219 Res
1072 4175 1130 4218 seu
1144 4175 1248 4218 mores
