2880 4792
306 307 374 375 120
628 331 844 379 ‚in'riimcni
869 329 1071 403 nsciooin.

753 647 908 712 LXXIV.

479 900 535 909 ..
555 898 610 909 -
629 848 789 953 χολάδας
808 848 971 968 δίρτρασι
992 847 1173 952 canitiae·

298 1068 479 1133 Ευυτκτυ.
502 1071 542 1134 ad
568 1070 688 1157 Odyss.
710 1072 743 1138 λ.
765 1074 839 1137 578.
856 1094 966 1137 vocem
990 1070 1134 1158 δέρτρον,
1155 1068 1356 1134 diversae'ibi

296 1171 501 1257 explicationi
518 1173 700 1251 obnoxiam,
712 1171 906 1252 dilucidam,
918 1174 1007 1237 hisce
1021 1184 1124 1259 poetae
1139 1170 1245 1234 verbis
1260 1171 1357 1233 utitur

295 1294 328 1358 p.
348 1273 440 1337 1700.
456 1274 476 1336 l.
497 1274 547 1338 lO.
566 1273 606 1337 R.
641 1279 782 1360 Δέρτρον
798 1280 828 1342 οἶ
848 1282 905 1360 μέν
919 1278 977 1342 τὸν
993 1279 1026 1342 ἐν
1041 1283 1112 1349 τοῖς
1132 1274 1278 1358 ἐγκάτοις
1293 1275 1355 1338 ἐπί-

295 1374 412 1452 πλουν,
422 1377 466 1449 ὡς
480 1372 677 1463 Ἀντίμαχος
692 1382 711 1442 ὁ
729 1376 941 1463 Κολοφώνιος
957 1375 1050 1453 δηλοῖ
1065 1379 1100 1442 ἐν
1113 1379 1169 1461 τῷ·
1196 1373 1275 1460 χολ.
1288 1372 1317 1441 δ.
1327 1405 1353 1440 κ.

294 1474 547 1562 Ἀπολλόδωρος
562 1475 604 1555 δέ,
620 1481 678 1545 τὸν
692 1485 763 1566 περὶ
779 1478 901 1544 κοιλίαν
916 1476 1085 1555 ἐπίπλουν,
1098 1477 1138 1542 ὃν
1154 1482 1203 1541 καὶ
1220 1477 1354 1562 α’ργίτην

251 1640 258 1657 ,
295 1575 394 1660 δημὸν
411 1581 527 1654 ἐκεῖνος
543 1579 639 1646 καλεῖ.
688 1589 821 1665 Δωριεῖς
837 1577 881 1659 δέ,
903 1583 961 1656 τὴν
976 1580 1038 1644 ὑπὸ
1058 1581 1118 1654 τὴν
1139 1573 1242 1661 δορὰν
1258 1578 1355 1662 σάρκα

292 1682 351 1757 τὴν
366 1680 660 1766 περικαλάπτουσαν
677 1684 736 1758 τὴν
756 1680 890 1758 κοιλίαν,
905 1679 1036 1767 δέρτρον
1052 1683 1139 1765 φασί.
1166 1684 1227 1742 Καὶ
1244 1677 1355 1752 ἄλλως

293 1780 325 1849 δέ
342 1782 417 1849 κατὰ
432 1785 507 1856 τοὺς
520 1782 676 1857 παλαιοὺς
691 1785 890 1868 γοργότερον
905 1786 1012 1860 εἰπεῖν,
1026 1779 1168 1866 δέρτρον,
1184 1781 1203 1854 ἡ
1221 1782 1282 1845 ὑπὸ
1297 1782 1353 1855 τὴν

294 1884 394 1968 σάρκα
408 1881 533 1965 πιμελὴ,
549 1882 568 1959 ἢ
584 1886 603 1947 ὁ
619 1885 821 1967 ὑποκείμενος
837 1885 918 1967 ὑμὴν
933 1887 978 1968 τῷ
997 1883 1101 1959 ἥπατι,
1117 1881 1136 1956 ἢ
1152 1883 1170 1944 ὁ
1186 1877 1353 1955 ἐπίπλους,

291 1985 344 2060 iiii
360 1982 450 2069 δορά,
466 1984 484 2059 ἢ
499 1986 535 2049 τὸ
552 1988 657 2069 ἦτρον.
698 1983 817 2050 ’Ἄλλοι
833 1981 864 2050 δέ
882 1985 919 2050 τὸ
933 1982 1091 2070 ἐφήβαιον
1106 1979 1238 2067 δέρτρον
1254 1980 1352 2046 εἶπον.

291 2084 502 2170 Ἱπποκράτης
515 2081 546 2150 δὲ
559 2088 592 2151 έν
607 2089 652 2170 τῷ
665 2091 735 2170 περὶ
746 2086 934 2171 τραυμάτων
947 2088 1053 2170 φησίν·
1083 2084 1131 2149 Οὐ
1144 2085 1354 2167 σαρκοφυήσει

292 2187 416 2269 ἐντέρου
431 2188 467 2251 τὸ
483 2185 601 2252 λεπτὸν
618 2184 759 2272 δέρτρον.
784 2186 835 2249 Ex
850 2185 913 2251 hoc
928 2187 1010 2265 1000,
1025 2207 1092 2273 quo
1108 2206 1205 2248 sensu
1222 2182 1353 2270 δέρτρον

292 2284 507 2348 Antimachus
524 2285 651 2366 dixerit,
667 2296 810 2373 apparet,
825 2310 931 2374 neque
946 2287 1077 2373 vulgare
1099 2287 1139 2350 ab
1161 2286 1262 2371 hujus
1278 2307 1354 2348 auc-

292 2387 417 2451 toritate
433 2398 629 2451 momentum
645 2388 770 2452 accedit
791 2389 957 2452 sententiae
973 2410 1093 2465 eorum,
1109 2387 1166 2473 qui
1182 2409 1236 2473 ap.
1254 2386 1350 2450 Hom.

291 2512 422 2576 quoque
446 2511 557 2553 vocem
579 2489 620 2554 de
641 2500 768 2553 omento
791 2489 953 2553 intestinis
974 2488 1217 2575 superinducto,
1233 2510 1291 2552 seu
1312 2488 1352 2551 de

290 2591 463 2678 peritonaeo
478 2590 653 2676 accipiunt,
676 2591 855 2677 intorques
876 2602 909 2655 et
929 2591 997 2675 ipse
1012 2588 1218 2653 Aristarchus
1234 2599 1293 2652 est.
1310 2588 1350 2651 V.

292 2693 400 2779 Etym.
417 2693 467 2756 M.
479 2716 511 2778 p.
524 2694 598 2755 257.
615 2693 636 2757 l.
651 2693 705 2756 29.
729 2691 815 2756 Cum
832 2692 884 2756 alii
898 2692 992 2756 multi
1007 2689 1137 2777 δέρτρον
1152 2691 1197 2754 ibi
1213 2690 1351 2755 vulturis

290 2804 428 2860 rostrum
450 2794 642 2880 intelligant.
688 2793 750 2858 Sed
777 2817 805 2858 v.
830 2795 978 2880 Apollon.
1005 2793 1080 2856 Lex.
1106 2791 1203 2857 Hom.
1225 2813 1258 2878 p.
1278 2793 1351 2856 272.

290 2918 364 2960 cum
381 2896 432 2959 Ill.
449 2896 619 2960 Villoison.
635 2906 722 2976 nota,
739 2896 884 2981 Hesych.
900 2895 932 2958 h.
948 2918 974 2958 v.
992 2904 1026 2958 et
1040 2894 1084 2958 ibi
1100 2894 1141 2957 ab
1158 2892 1271 2981 Intpp.
1284 2894 1353 2958 lau·

291 2998 394 3075 datos,
410 2999 569 3085 praecipue
587 2996 737 3061 Fiiesium
755 2997 878 3061 Decon.
900 2997 1053 3083 Hippocr.
1065 2995 1096 3059 h.
1108 3019 1157 3074 v.;
1181 2996 1222 3059 dc
1239 2995 1351 3062 vocab.

290 3098 430 3185 χόλαδες
445 3121 517 3163 vero
533 3098 653 3163 Sallier.
670 3108 702 3162 et
718 3099 864 3162 Pierson.
880 3098 921 3162 ad
939 3097 1070 3163 Moerid.
1087 3120 1118 3184 p.
1134 3098 1209 3161 405.

754 3445 892 3507 LXXV.

515 3705 570 3714 —-
590 3705 641 3715 -
667 3652 738 3734 otili
760 3653 917 3737 σσνδάάεν
938 3658 1127 3772 προνοῆσαι.

289 3889 408 3952 ΕΤΥΜ.
425 3887 474 3950 Μ.
491 3910 521 3973 p.
537 3889 612 3951 271.
628 3889 649 3951 l.
669 3888 717 3952 19.
734 3889 766 3950 in
791 3890 909 3975 glossa,
924 3913 999 3976 quae
1019 3891 1060 3954 ad
1084 3891 1122 3954 ll.
1139 3892 1170 3958 λ.
1188 3896 1262 3958 753.
1280 3918 1350 3981 pei·-

288 3992 379 4069 tinet,
394 4000 425 4052 et
438 3992 588 4077 antiquos
606 3990 842 4054 Grammaticos
858 4013 921 4054 non
937 4014 1048 4078 parum
1064 3993 1217 4058 exercuit.
1250 3995 1350 4070 Quae-

287 4093 399 4156 rebant
415 4114 538 4177 nempe,
554 4101 660 4155 utrum
678 4088 706 4156 δῖ
727 4089 876 4168 άσπιδέος
890 4091 1020 4171 πεδίοιο,
1035 4117 1076 4159 an
1093 4093 1144 4161 διά
1159 4096 1289 4174 σπιδέος
1305 4100 1349 4163 ibi
