2880 4792
288 292 354 360 112
584 315 804 364 nnrmracnr
828 315 1030 370 rinnrourn.

776 657 895 720 LXVI.

426 917 557 997 Κισσοῦ
577 951 614 994 τε
636 911 821 1023 κλυμὲνοιο,
843 913 903 995 nei
925 915 1125 1022 oipmshivnc
1147 964 1202 974 -

284 1167 447 1232 ΙΙιιεγοΗ.
460 1191 487 1232 ν.
508 1169 860 1255 Κλύμενος.-Λέγετσι
875 1167 906 1236 di
928 1175 976 1236 καὶ
998 1171 1119 1249 κισσὸς,
1136 1173 1182 1246 ὡς
1196 1170 1345 1256 Ἀντίμα-

285 1290 357 1355 χος·
376 1275 496 1334 Κισσοῡ
512 1299 539 1334 κ.
556 1268 589 1333 λ.
616 1269 686 1333 Aut
700 1270 823 1355 species
838 1269 988 1355 quaedam
1004 1269 1129 1334 hederae
1141 1270 1344 1356 designatur,

282 1380 340 1433 aut
354 1369 434 1432 nihil
455 1369 569 1433 horum
589 1369 1151 1455 intelligo.-SCH.-Manifestnm
1166 1379 1217 1435 est
1232 1392 1342 1435 vocem

286 1477 406 1535 Κισσοῡ
428 1469 508 1533 nihii
529 1470 615 1533 aliud
638 1493 707 1535 esse
728 1493 828 1558 quam
849 1472 1167 1559 interpretamentum
1190 1478 1249 1537 τοῦ
1270 1471 1347 1537 κλυ-

283 1574 400 1653 μένοιο.
436 1569 501 1635 Sed
516 1572 601 1635 enim
616 1593 679 1635 vox
696 1571 759 1636 ista
773 1572 930 1656 κλύμενος
946 1572 1040 1658 pauci
1055 1581 1106 1636 est
1115 1595 1124 1650 3
1148 1581 1349 1659 quapropter

284 1693 411 1758 repone,
420 1676 464 1749 ὡς
479 1673 682 1760 Ἀντίμαχος·
708 1672 952 1759 Περικλυμένοιο
965 1681 1013 1740 καὶ
1024 1672 1211 1758 ιἰμπελίνης.
1237 1674 1347 1761 Hujus

285 1773 514 1838 emendationis
530 1775 751 1860 fidejussorem
759 1773 864 1838 habeo
874 1774 1086 1852 Nicandrum,
1095 1774 1202 1860 ipsum
1214 1797 1348 1862 quoque

286 1871 535 1960 Colophonium,
557 1874 677 1960 quique
698 1895 737 1938 ex
757 1873 952 1938 Antimacho
972 1874 1264 1938 multa'mutuatus
1284 1883 1346 1954 est,

286 1983 368 2040 teste
383 1973 562 2039 Scholiasta
577 1976 647 2061 ejus
663 1976 703 2039 ad
719 1975 862 2039 Theriac.
879 1975 934 2040 fol.
949 1977 1004 2055 27,
1021 1975 1070 2040 ed.
1087 1975 1162 2039 Ald.
1192 1975 1246 2039 lta
1261 1977 1347 2040 enim

286 2075 339 2138 ille
363 2075 395 2138 in
421 2075 565 2140 Theriac.
591 2077 667 2141 510.
714 2076 831 2144 Φυλλίι
856 2105 888 2143 τε
914 2081 1078 2154 κισσήεντιι
1103 2076 1345 2164 περικλνμένοιο

288 2179 434 2262 φέρουσα.
481 2176 553 2241 Ηοο
569 2178 697 2242 confido
716 2178 886 2264 probatum
902 2177 935 2241 in
951 2177 1158 2257 doctioribus,
1174 2179 1245 2264 qui,
1261 2179 1348 2242 unde

287 2285 320 2340 et
335 2277 497 2362 quomodo
515 2277 650 2342 Lexicon
673 2301 768 2344 suum
788 2277 1019 2345 consarcinririt
1035 2278 1233 2366 Hesychius,
1249 2280 1348 2366 probe

288 2377 515 2443 sciant-BL.

749 2701 888 2764 LXVII.

292 2956 451 3021 Dronon.
468 2957 533 3022 Sic.
551 2957 615 3036 ΙΙΙ,
631 2957 683 3021 64.
717 2961 790 3023 Τῶν
806 2961 945 3033 ποιητῶν
959 2962 1054 3034 τινὲς,
1070 2961 1115 3024 ὧν
1130 2962 1194 3025 ἐστι
1210 2965 1259 3025 καὶ
1276 2960 1350 3026 Ἀν-

290 3063 438 3144 τΙμοχος,
463 3058 695 3144 ιἰποφαΙνονται
723 3060 782 3124 τὸν
810 3064 999 3144 Λυκοῦργον
1024 3060 1063 3125 οὗ
1090 3056 1230 3144 θρᾴκης,
1262 3060 1351 3126 ἄλλα

289 3169 346 3234 τῆς
363 3158 521 3246 Ἀραβιάς
535 3163 699 3245 γεγονέναι
714 3157 864 3245 βασίλια,
880 3163 928 3223 καὶ
943 3155 987 3244 τῷ
1002 3187 1034 3224 τε
1051 3161 1198 3245 Διονύσῳ
1214 3167 1349 3237 καὶτοῖς

293 3260 433 3345 Βάκχαις
448 3263 505 3337 τὴν
521 3263 661 3326 ἐπίθεσιν
675 3264 709 3326 ἐν
723 3264 763 3345 τῇ
777 3260 853 3324 κατὰ
868 3262 926 3336 τὴν
938 3258 1099 3346 Ἀραβίαν
1115 3262 1207 3346 Νύσῃ
1220 3273 1350 3338 πεποιῆ-

292 3365 375 3425 σθαι.
422 3359 572 3423 Fundum
588 3360 706 3424 fabulae
721 3360 822 3423 habes
837 3359 871 3422 in
887 3357 984 3423 Hom.
1001 3357 1041 3439 ΙΙ,
1056 3359 1085 3435 ζ.
1102 3360 1172 3424 130.
1192 3383 1278 3448 sqq„
1294 3363 1349 3426 ubi

291 3469 397 3525 tamen
408 3482 512 3524 rerum
525 3482 621 3525 scena
630 3483 649 3523 a
659 3469 755 3547 poeta
768 3481 832 3522 non
841 3459 956 3523 diserte
970 3459 1132 3524 definitur.
1156 3460 1351 3528 Retnlerunt

290 3562 418 3649 plurimi
435 3563 476 3626 ad
491 3562 637 3626 Thraciae
653 3561 824 3647 regionem,
837 3569 869 3623 et
882 3559 1065 3646 Lycurgum
1078 3559 1229 3626 Edonum
1242 3586 1349 3651 regem

292 3663 502 3727 tradiderunt.
526 3663 566 3727 V.
583 3664 733 3750 Apollod.
752 3661 816 3740 ΙΙΙ,
832 3664 863 3724 5.
881 3661 979 3746 princ.
997 3669 1029 3725 et
1045 3660 1178 3726 Diodor.
1194 3663 1215 3727 Ι.
1232 3685 1261 3728 c.
1285 3666 1350 3730 Alii

292 3763 325 3826 in
342 3765 422 3827 alins
437 3772 537 3829 terras
550 3764 694 3829 fabulam
707 3784 835 3827 omnem
847 3783 904 3848 pro
917 3762 1024 3826 lubitu
1038 3763 1262 3830 traduxerunt.
1287 3768 1349 3833 Sed

291 3886 321 3926 v.
333 3863 485 3928 Eustath.
501 3864 539 3928 ΙΙ.
551 3887 582 3950 p.
594 3866 667 3929 629.
692 3863 800 3929 Schol.
811 3863 888 3926 min.
899 3863 940 3927 nd
953 3862 1050 3928 Hom.
1065 3864 1084 3928 Ι.
1095 3865 1115 3928 Ι.
1129 3865 1349 3956 imprimisque

293 3962 342 4028 ΙΙΙ.
359 3965 464 4051 Heyn.
480 3967 521 4029 nd
537 3965 686 4052 Apollod.
703 3990 734 4053 p.
752 3967 824 4028 563.
