2880 4792
296 279 338 346 12
593 301 816 351 Anrrnncnr
837 302 1043 358 nanicula..

291 445 472 530 prirnerent.
519 447 570 515 lto
590 450 622 514 in
644 452 718 515 talis
738 462 842 539 poetoe
862 453 912 516 vel
932 449 1064 514 minutis
1085 445 1229 534 reliquiis
1247 445 1354 509 multa

289 565 490 632 cognoscere,
505 574 579 637 quar
594 552 671 616 alibi
686 575 859 639 nusquam,
871 561 969 638 atque
983 573 1023 615 ex
1038 549 1090 612 his
1102 547 1257 611 sermonis
1269 546 1354 610 adeo

292 645 397 711 Graeci
413 652 538 737 copiam
561 654 676 718 eximie
697 676 813 740 augere
836 655 920 718 licet.
971 651 1054 726 Quae
1079 649 1209 735 quidem
1232 648 1260 710 si
1287 669 1353 710 una

290 751 494 836 essetopelloe
507 776 585 818 meae
599 755 731 834 utilitas,
742 777 804 818 non
816 755 933 818 frustra
944 750 1108 816 laborhsse
1121 749 1201 812 mihi
1216 749 1352 813 viderer.

291 845 355 913 Sed
373 852 432 916 hoc
447 855 608 939 judicium
624 857 666 920 sit
681 879 779 943 penes
792 857 901 942 justos
916 855 1094 940 doctosque
1108 851 1224 914 harum
1243 872 1352 913 rerum

290 952 437 1032 arbitros,
451 957 657 1042 quibuscum
674 959 787 1022 timore
797 968 829 1022 et
841 955 1015 1020 reverentia
1027 952 1190 1039 specimen
1200 952 1263 1015 hoc
1276 973 1352 1037 pro-

290 1074 385 1137 pono,
401 1067 444 1133 et,
460 1068 496 1121 ut
511 1058 597 1145 oequi
613 1059 754 1145 bonique
765 1059 948 1135 consulant,
964 1055 1167 1119 vehementer
1181 1053 1288 1138 cupio.

332 1154 405 1218 Jam
431 1159 566 1242 primum
590 1159 752 1236 enarrabo,
776 1181 851 1246 quae
874 1160 915 1223 de
939 1157 1017 1234 vita,
1042 1155 1172 1219 fortuna
1193 1164 1226 1217 et
1252 1152 1351 1217 rebus

291 1257 474 1321 Antimachi
491 1261 588 1323 nostri
605 1261 736 1346 cognita
750 1261 916 1337 habemns,
929 1277 1127 1344 quamquam
1140 1275 1246 1340 pauca
1258 1263 1350 1335 sunt,

290 1379 364 1441 quar
379 1358 419 1421 de
435 1359 485 1422 his
501 1361 639 1424 servavit
649 1361 836 1448 antiquitas,
852 1382 907 1446 per
921 1366 1128 1423 monumenta
1142 1354 1240 1418 hodie
1254 1355 1350 1419 nobis

290 1459 428 1542 cognita.
475 1459 587 1524 Patria
605 1462 634 1524 ei
654 1461 715 1524 suit
733 1462 809 1525 urbs
827 1461 924 1525 loniae
941 1457 1149 1534 nobilissima,
1166 1455 1351 1542 Colophon,

289 1579 345 1620 seu
357 1557 472 1623 Clarus
483 1562 597 1640 vicina,
612 1563 687 1627 sano
699 1562 857 1649 Apollinis
867 1561 1029 1647 veterique
1039 1558 1167 1623 oraculo
1182 1556 1348 1621 celebris!

289 1658 475 1745 Ambigitur
498 1663 593 1740 enim,
613 1673 685 1727 utra
705 1664 816 1728 harum
838 1662 961 1726 natales
979 1670 1081 1746 poetae
1100 1657 1227 1722 viderit.
1274 1657 1351 1722 Ple·

292 1758 381 1845 rique
404 1762 535 1847 quidem
565 1763 801 1850 Colophonium
829 1785 904 1827 eum
927 1761 1107 1848 appellant:
1137 1780 1203 1822 non
1228 1758 1350 1824 desunt

288 1869 406 1940 tamen,
431 1864 486 1949 qui
514 1864 660 1928 Clarium
683 1866 800 1929 diserta
826 1864 951 1941 dicunt,
977 1861 1091 1926 Cicero
1117 1868 1150 1923 et
1173 1857 1349 1937 Ovidius.†

290 1961 364 2025 Jam
385 1986 459 2027 eum
481 1965 514 2027 hi
537 1967 599 2029 loci
619 1965 747 2028 finitimi
768 1987 805 2029 ac
827 1964 925 2028 vicini
946 1964 1029 2026 inter
1047 1983 1081 2024 se
1098 1959 1229 2037 fuerint,
1253 1960 1348 2025 facile

289 2063 407 2150 aliquis
418 2066 449 2127 in
463 2087 532 2128 eam
546 2066 737 2130 sententiam
751 2065 871 2130 adduci
882 2063 993 2150 possit,
1005 2071 1042 2125 ut
1052 2060 1207 2125 Ovidium
1220 2060 1347 2144 poetica

288 2165 408 2228 ratione
424 2166 568 2230 Clarium
582 2188 641 2252 pro
656 2166 858 2252 Colophonio
872 2165 993 2228 dixisse
1009 2171 1111 2248 putet.
1157 2159 1346 2245 Superesset
1424 2203 1428 2209 ·

288 2286 361 2328 vero
372 2266 418 2329 sic
434 2266 597 2331 Ciceronis
610 2267 793 2345 auctoritaS,
808 2289 893 2353 quae,
909 2265 935 2329 si
952 2264 1046 2328 lectio
1058 2263 1129 2347 ejus
1145 2261 1277 2325 omnino
1289 2284 1346 2326 ex-

287 2365 411 2450 plorata
426 2377 458 2432 et
473 2378 560 2432 certa
574 2378 668 2448 esset,
681 2368 802 2432 nullam
819 2368 899 2431 forte
914 2364 1085 2430 dubitandi
1102 2384 1233 2427 causam
1251 2364 1345 2427 relin-

286 2478 407 2554 queret.
453 2469 518 2534 Sed
543 2470 599 2533 ubi
623 2470 812 2534 recentiores
836 2467 981 2532 Clarium
996 2476 1122 2551 poetam
1148 2465 1272 2550 legunt,
1298 2466 1343 2530 ibi

287 2570 362 2633 olim
381 2571 414 2634 in
430 2571 623 2636 editionibus
638 2571 834 2657 scripserunt
851 2568 992 2637 clarum:
1016 2587 1087 2644 nec,
1108 2588 1181 2652 quae
1201 2567 1345 2651 genuina

286 2671 329 2734 sit
350 2672 518 2759 scriptura,
535 2673 685 2759 equidem
706 2671 873 2736 decernere
899 2669 1036 2752 ausimss
1079 2666 1177 2750 Quod
1204 2666 1231 2728 si
1259 2668 1344 2752 prior

287 2774 388 2837 verior
407 2784 466 2853 est,
480 2774 574 2839 facile
593 2775 661 2838 fieri
676 2773 793 2859 potuit,
809 2783 855 2849 ut,
870 2770 957 2835 Clari
973 2770 1046 2833 licet
1062 2777 1169 2842 natuS,
1185 2790 1204 2831 a
1218 2770 1341 2854 majore

286 2882 319 2937 et
330 2875 485 2939 nobiliore
500 2875 577 2938 urbe
592 2873 782 2959 Colophonii
794 2893 909 2936 nomen
922 2872 1020 2957 vulgo
1033 2869 1191 2955 acceperit
1199 2893 1208 2948 3
1231 2869 1344 2955 impri-

285 2975 383 3039 missi
395 2983 536 3061 reputes,
547 2974 635 3060 quod
647 2973 802 3058 suspicari
811 2973 911 3036 multa
920 2972 1069 3051 suadent,
1083 2993 1157 3035 eum
1168 2970 1341 3036 maximam

285 3076 389 3138 aetatis
413 3083 535 3161 partem
557 3073 744 3158 Colophone
765 3073 879 3159 egisse.
924 3072 1034 3159 Atque
1058 3071 1143 3136 idem
1167 3070 1342 3159 contigisse

286 3176 411 3239 videtur
427 3175 600 3253 Nicandm,
616 3196 712 3261 quem
726 3175 831 3261 plures
843 3173 1081 3258 Colophonium
1093 3181 1342 3259 vocant,quam·

284 3277 333 3340 vis
354 3276 422 3361 ipse
444 3276 576 3363 Κλάρον
591 3279 762 3361 νιφόεσσαν
776 3275 942 3362 πολίχνην
957 3273 1092 3360 patriam
1109 3295 1199 3336 suam
1215 3295 1342 3337 nuncu·

325 3593 341 3625 ’
363 3590 440 3647 Hinc
460 3589 580 3648 Clarius
595 3587 712 3661 Apollo.
761 3584 904 3643 Cellarius
919 3585 958 3642 N.
974 3584 1010 3644 Ο.
1022 3584 1059 3643 Α.
1070 3585 1104 3643 Τ.
1122 3585 1160 3643 ll.
1173 3605 1203 3662 p.
1220 3587 1270 3654 77,
1286 3583 1339 3642 ad·

283 3682 408 3751 dubitat,
428 3678 569 3757 oppidum
586 3677 672 3735 fuerit
685 3676 799 3746 Clarus,
815 3696 851 3734 an
866 3677 949 3733 lucus
963 3683 1078 3732 tantum
1093 3695 1174 3734 sacer
1187 3695 1254 3733 curn
1269 3675 1340 3733 fauo

283 3772 340 3831 dei.
383 3772 423 3828 At
438 3775 530 3841 πόλις,
548 3779 582 3827 ut
601 3778 720 3826 vocatur
732 3766 851 3844 passim,
869 3767 909 3824 ita
924 3766 980 3823 fuit
998 3776 1075 3825 certe
1089 3766 1196 3825 Graeca
1209 3766 1237 3825 vi
1251 3785 1339 3825 voca·

283 3865 355 3923 buli.
370 3862 408 3921 cf.
423 3861 546 3920 Salmas.
560 3860 682 3918 Exercc.
698 3858 775 3917 Plin.
789 3876 815 3933 p.
830 3859 899 3916 604.
916 3855 955 3915 G.

323 3967 342 4028 †
364 3953 428 4012 Cic.
443 3952 526 4010 Brut.
541 3951 562 4008 l.
578 3970 604 4009 c.
649 3950 735 4007 Ovid.
746 3948 831 4007 Trist.
848 3949 871 4006 l.
889 3950 919 4020 6,
934 3947 952 4004 i.
969 3947 1018 4005 ubi
1032 3968 1060 4006 v.
1077 3948 1124 4007 lll.
1138 3947 1251 4007 Harles.

324 4057 336 4119 1
359 4047 394 4104 ln
412 4042 566 4102 Ernestina
583 4050 678 4100 exstat
701 4040 846 4112 Clarium,
868 4039 916 4097 ubi
938 4039 966 4096 in
991 4039 1065 4097 notis
1088 4043 1103 4099 ὁ
1121 4046 1274 4120 μακαρίτης
1294 4038 1335 4096 nil

282 4137 404 4198 monuit.
