2880 4792
183 298 231 367 :36
487 315 709 364 nx'rrnncnr
731 313 934 368 naulorum.

185 476 343 531 tumeret
368 465 497 543 honore,
513 463 754 529 anteferendum
771 462 951 526 censebat*
998 459 1107 545 Cujus
1126 457 1242 545 judicii

184 589 302 646 causae,
317 588 391 630 curn
413 566 490 630 alibi
506 587 611 630 acrem
627 574 790 652 poetarum
812 583 973 627 censorem
996 558 1095 624 Plato
1117 580 1151 622 se
1175 579 1245 644 ges-

186 668 272 744 serit,
293 667 401 732 nescio
420 689 461 731 an
488 666 584 732 hodie
604 688 675 730 vere
697 666 842 751 indagari
862 663 1009 750 possint;
1037 670 1074 725 ut
1094 682 1154 724 nec
1170 657 1245 722 satis

185 778 322 848 constat,
344 779 501 856 quantum
525 769 611 832 illins
635 767 748 832 rationi
772 766 932 842 amicitia,
957 786 1031 849 quae
1052 759 1244 848 philosopho

186 893 260 934 cnm
288 881 395 935 nostro
422 870 613 949 intercessit,
637 869 845 933 tribuendum
869 867 922 930 sit.
975 864 1063 928 Talis
1087 873 1197 927 tamen
1218 861 1244 924 is

188 972 276 1037 luvor
298 982 357 1053 est,
379 975 508 1061 qualem
534 971 654 1057 iniquis
672 972 805 1034 aliorum
825 968 960 1055 judiciis
981 966 1076 1031 facile
1091 985 1245 1051 opponas.

191 1073 242 1137 Ex
259 1075 310 1139 lris
325 1076 449 1139 nullum
465 1075 569 1160 magis
590 1074 738 1137 videatur
760 1071 912 1150 notabile,
932 1091 1031 1157 quam
1051 1066 1245 1133 Callimachi

189 1176 281 1255 illud,
310 1198 374 1263 quo
399 1176 508 1262 Lyden
535 1175 635 1239 nostri
660 1175 778 1260 pingue
801 1194 930 1237 carmen
958 1182 992 1236 et
1017 1169 1245 1258 perspicuitate

189 1278 413 1364 elegantiaque
434 1279 627 1342 destitutum
656 1277 817 1352 dixerat.†
876 1275 1005 1360 Quippe
1032 1273 1065 1335 id
1084 1271 1245 1358 judicium

190 1399 227 1442 eo
242 1379 345 1464 magis
361 1379 542 1443 mirandum
557 1388 607 1442 est
622 1380 663 1443 ab
679 1400 716 1442 eo
732 1388 825 1463 poeta
840 1377 923 1456 ferri,
938 1376 1007 1463 qui,
1020 1397 1094 1461 quae
1109 1374 1141 1436 in
1155 1371 1248 1435 Anti·

191 1479 304 1543 macho
320 1481 361 1543 ab
377 1481 520 1566 antiquis
535 1489 686 1544 notantur·
701 1480 791 1560 vitia,
808 1480 839 1543 in
852 1477 986 1565 propriis
999 1475 1166 1540 laboribus
1180 1494 1249 1559 par·

191 1582 249 1644 tim
266 1604 328 1645 non
339 1583 467 1646 omnino
477 1582 597 1645 cavisse
610 1581 774 1667 reperitur.
821 1579 1068 1663 Atfortemajns
1080 1575 1248 1663 quiddam,

192 1706 290 1769 qnam
301 1705 415 1747 vocum
427 1684 578 1747 rariorum
594 1706 698 1762 usum,
710 1683 866 1768 prolixam
878 1681 1063 1757 orationem,
1077 1678 1250 1763 inepteque

193 1783 322 1870 longius
342 1785 527 1848 arcessitam
546 1785 736 1863 doctrinam,
761 1793 856 1870 poeta
876 1782 1007 1846 criticus
1028 1780 1062 1843 in
1081 1778 1173 1864 Lyde
1190 1777 1249 1840 sibi

191 1886 452 1951 animadvertisse
468 1887 643 1950 videbatur.

238 1986 300 2052 Sed
317 1988 429 2050 eodem
446 1988 597 2072 temporis
614 1996 717 2052 tractu
734 1988 828 2074 longe
844 1985 1000 2072 aequiores
1010 1983 1147 2047 arbitros
1158 1981 1252 2044 Anti-

194 2089 301 2151 machi
319 2089 435 2174 poesis,
456 2088 593 2151 Thebais
612 2100 706 2167 certe,
724 2099 853 2175 experta
873 2099 932 2151 est.
978 2086 1105 2171 Nempe
1121 2086 1250 2149 fuerunt

195 2200 263 2251 tum
283 2189 505 2269 Grammatici,
524 2189 757 2276 Aristophanes
775 2189 965 2276 Byzantius
983 2197 1015 2252 et
1029 2187 1251 2264 Aristarchus

195 2290 416 2367 Alexandrini,
431 2291 487 2376 qni
504 2302 668 2375 poetarum
684 2291 883 2377 aliorumque
899 2299 1080 2369 auctorum,
1096 2289 1153 2375 qui
1175 2298 1251 2352 ante

196 2413 287 2454 suam
303 2399 432 2454 aetatem
448 2392 629 2469 floruerant,
650 2392 796 2456 criticum
813 2392 1018 2456 instituerent
1033 2391 1206 2470 delectum,
1221 2398 1254 2452 et

240 2661 255 2693 ⁸*
280 2658 386 2718 Narrat
404 2659 460 2718 hoc
479 2679 514 2718 ex
537 2659 599 2737 ipso
620 2658 775 2717 Heraclide
800 2658 922 2717 Proclus
943 2659 1107 2716 Commeat.
1125 2657 1154 2715 in
1176 2657 1252 2717 Plat.

196 2751 270 2809 Tirn.
288 2751 309 2808 l.
324 2772 351 2829 p.
364 2755 412 2809 28.
425 2753 499 2810 med.
543 2752 632 2829 Εἴπερ
647 2778 688 2819 τις
708 2756 796 2818 ἄλλος
814 2756 859 2810 καὶ
877 2762 997 2822 ποιητῶν
1009 2755 1121 2829 ἄριστος
1135 2755 1227 2829 κριτὴς
1242 2754 1257 2809 ὁ

198 2846 332 2914 Πλάτων,
343 2850 380 2910 ὡς
394 2848 438 2902 καὶ
450 2850 594 2919 Λογγῖνος
605 2850 779 2914 συνίστησιν.
815 2842 999 2921 Ἡρακλείδης
1011 2850 1081 2917 γοῦν
1095 2845 1258 2908 ὁΠοντικός

196 2947 292 3013 φησιν,
307 2936 348 2992 ὅτι
363 2946 417 2993 τῶν
433 2940 582 3011 Χοιρίλλου
597 2939 656 2993 τότε
667 2935 893 3013 εὐδοκιμούντων,
905 2936 1027 2994 Πλάτων
1036 2941 1071 2994 τὰ
1080 2934 1258 3013 Ἀντιμάχου

197 3030 392 3103 προῦτίμησιν,
403 3029 447 3083 καὶ
456 3025 543 3083 αὐτὸν
551 3025 641 3084 ἔπεισε
652 3027 701 3084 τὸν
711 3026 896 3103 Ἡρακλείδην
905 3031 944 3092 εἰς
956 3025 1113 3106 Κολοφῶνα
1124 3025 1260 3097 ἐλθόντα,

199 3122 233 3174 τὰ
252 3119 394 3194 ποιήματα
410 3119 543 3184 συλλέξαι
557 3126 603 3176 τοῦ
618 3118 730 3195 ἀνδρός.
772 3120 877 3188 Μάτην
893 3115 943 3177 οὖν
953 3123 1130 3198 φληναφοῦσι
1141 3117 1257 3177 Karni-

198 3233 292 3285 μαχος
311 3212 355 3265 καὶ
375 3214 485 3286 Δοῦρις,
506 3214 542 3274 ὡς
562 3211 714 3275 Πλάτωνος
733 3214 782 3269 οὐκ
801 3210 882 3275 ὄντος
902 3211 995 3268 ἱκανοῦ
1014 3216 1118 3288 κρίνειν
1132 3212 1259 3281 ποιητάς.

200 3298 257 3356 Pro
272 3305 422 3377 Χαρίλλου
436 3299 519 3358 scrib.
537 3306 676 3378 Χοιρίλον.
692 3299 832 3358 Vitiosum
844 3319 922 3377 saepe
936 3300 1069 3358 occurrit.

241 3400 260 3460 †
284 3390 430 3450 Discirnns
452 3391 657 3469 elragmentO,
677 3410 765 3470 parvo
784 3390 903 3468 quidem
927 3392 977 3450 sed
995 3391 1143 3469 quantivis
1160 3392 1256 3469 pretii,

201 3483 281 3560 quod
304 3503 320 3542 e
341 3483 420 3542 Msto
444 3503 535 3561 nuper
554 3484 583 3541 in
606 3486 701 3542 lucem
720 3483 811 3541 edidit
835 3482 1037 3541 Excellentiss.
1062 3483 1258 3543 Ruhnkenius

201 3575 320 3633 Λυαῖον.
337 3575 451 3653 Fragm.
467 3576 582 3634 Callirn.
598 3576 631 3632 T.
648 3577 671 3633 l.
688 3595 716 3653 p.
729 3579 797 3634 574.
842 3573 907 3637 ’Ότι
922 3575 1107 3652 διαβέβληται
1120 3577 1151 3636 τὸ
1166 3576 1258 3656 παχὺ,

204 3679 298 3746 σαφῶς
312 3672 327 3726 ὁ
343 3667 534 3748 Καλλίμαχος
548 3671 579 3728 ἐν
593 3678 651 3734 τοῖς
671 3667 882 3747 Ἐπιγράμμασι
898 3669 988 3740 δηλοῖ.
1032 3670 1182 3748 Διασάρων
1203 3675 1260 3747 γὰρ

202 3758 376 3838 Ἀντιμάχου
391 3760 422 3818 τὸ
435 3766 541 3839 ποίημα
555 3765 605 3831 τὴν
619 3760 723 3831 Λάδην,
739 3758 800 3839 ἔφη·

365 3889 452 3964 Λάδη,
470 3895 513 3948 καὶ
525 3890 604 3970 παχι)
619 3892 737 3968 γράμμα
752 3895 795 3949 καὶ
810 3896 842 3949 or'r
855 3895 976 3969 τορόν-

205 4022 313 4080 Locum
332 4022 421 4090 hunc,
445 4021 518 4079 adeo
538 4020 674 4099 conjiciat
694 4020 808 4098 aliquis,
832 4044 848 4080 a
868 4023 973 4082 Proclo
995 4025 1097 4102 respici
1118 4026 1146 4085 in
1165 4026 1258 4085 verbis

205 4123 273 4172 ante
290 4113 417 4193 prolatis.
