<?xml version="1.0" encoding="UTF-8"?>
<!DOCTYPE html PUBLIC "-//W3C//DTD XHTML 1.0 Transitional//EN"
    "http://www.w3.org/TR/xhtml1/DTD/xhtml1-transitional.dtd">
<html xmlns="http://www.w3.org/1999/xhtml" xml:lang="en" lang="en">
 <head>
  <title>
</title>
<meta http-equiv="Content-Type" content="text/html;charset=utf-8" />
  <meta name='ocr-system' content='tesseract 3.04.00' />
  <meta name='ocr-capabilities' content='ocr_page ocr_carea ocr_par ocr_line ocrx_word'/>
</head>
<body>
  <div class='ocr_page' id='page_1' title='image "./antimachicoloph00antigoog_0111.png"; bbox 0 0 2880 4792; ppageno 0'>
   <div class='ocr_carea' id='block_1_1' title="bbox 289 316 1043 390">
    <p class='ocr_par' dir='ltr' id='par_1_1' title="bbox 289 316 1043 390">
     <span class='ocr_line' id='line_1_1' title="bbox 289 316 1043 390; baseline -0.005 -7"><span class='ocrx_word' id='word_1_1' title='bbox 289 316 337 385; x_wconf 82' lang='lat'>96</span> <span class='ocrx_word' id='word_1_2' title='bbox 599 335 818 384; x_wconf 70' lang='lat' dir='ltr'>nunnioni</span> <span class='ocrx_word' id='word_1_3' title='bbox 841 334 1043 390; x_wconf 70' lang='lat' dir='ltr'>nizirouiiu.</span> 
     </span>
    </p>
   </div>
   <div class='ocr_carea' id='block_1_2' title="bbox 777 654 868 718">
    <p class='ocr_par' dir='ltr' id='par_1_2' title="bbox 777 654 868 718">
     <span class='ocr_line' id='line_1_2' title="bbox 777 654 868 718; baseline 0 0"><span class='ocrx_word' id='word_1_4' title='bbox 777 654 868 718; x_wconf 86' lang='lat' dir='ltr'>XLI.</span> 
     </span>
    </p>
   </div>
   <div class='ocr_carea' id='block_1_3' title="bbox 286 879 1355 1988">
    <p class='ocr_par' dir='ltr' id='par_1_3' title="bbox 286 879 1355 1988">
     <span class='ocr_line' id='line_1_3' title="bbox 290 879 1355 972; baseline -0.003 -26"><span class='ocrx_word' id='word_1_5' title='bbox 290 882 384 947; x_wconf 80' lang='lat' dir='ltr'>lusu</span> <span class='ocrx_word' id='word_1_6' title='bbox 407 884 447 948; x_wconf 90' lang='lat' dir='ltr'>ad</span> <span class='ocrx_word' id='word_1_7' title='bbox 466 883 819 971; x_wconf 79' lang='lat' dir='ltr'>Apoll.Rh.11‚178.,</span> <span class='ocrx_word' id='word_1_8' title='bbox 841 884 899 972; x_wconf 91' lang='lat' dir='ltr'>qui</span> <span class='ocrx_word' id='word_1_9' title='bbox 921 893 1017 971; x_wconf 86' lang='lat' dir='ltr'>poeta</span> <span class='ocrx_word' id='word_1_10' title='bbox 1037 881 1213 960; x_wconf 85' lang='lat' dir='ltr'>Phineum,</span> <span class='ocrx_word' id='word_1_11' title='bbox 1228 879 1355 966; x_wconf 88' lang='lat' dir='ltr'>Salmy-</span> 
     </span>
     <span class='ocr_line' id='line_1_4' title="bbox 287 983 1353 1074; baseline -0.002 -26"><span class='ocrx_word' id='word_1_12' title='bbox 287 985 372 1050; x_wconf 87' lang='lat' dir='ltr'>dessi</span> <span class='ocrx_word' id='word_1_13' title='bbox 398 985 544 1051; x_wconf 83' lang='lat' dir='ltr'>Thraciae</span> <span class='ocrx_word' id='word_1_14' title='bbox 572 1009 689 1073; x_wconf 86' lang='lat' dir='ltr'>regem,</span> <span class='ocrx_word' id='word_1_15' title='bbox 712 987 820 1074; x_wconf 86' lang='lat' dir='ltr'>prodit</span> <span class='ocrx_word' id='word_1_16' title='bbox 846 986 1004 1071; x_wconf 82' lang='lat' dir='ltr'>Agenoris</span> <span class='ocrx_word' id='word_1_17' title='bbox 1029 985 1144 1062; x_wconf 89' lang='lat' dir='ltr'>filium,</span> <span class='ocrx_word' id='word_1_18' title='bbox 1167 984 1201 1046; x_wconf 90' lang='lat' dir='ltr'>in</span> <span class='ocrx_word' id='word_1_19' title='bbox 1228 983 1353 1047; x_wconf 89' lang='lat' dir='ltr'>scholio</span> 
     </span>
     <span class='ocr_line' id='line_1_5' title="bbox 286 1083 1353 1175; baseline -0.001 -23"><span class='ocrx_word' id='word_1_20' title='bbox 286 1088 385 1174; x_wconf 87' lang='lat' dir='ltr'>hujus</span> <span class='ocrx_word' id='word_1_21' title='bbox 399 1086 493 1152; x_wconf 85' lang='lat' dir='ltr'>famae</span> <span class='ocrx_word' id='word_1_22' title='bbox 508 1098 671 1152; x_wconf 78' lang='lat' dir='ltr'><strong>auctorem</strong></span> <span class='ocrx_word' id='word_1_23' title='bbox 691 1089 783 1175; x_wconf 89' lang='lat' dir='ltr'>ponit</span> <span class='ocrx_word' id='word_1_24' title='bbox 803 1087 1021 1166; x_wconf 89' lang='lat' dir='ltr'>Hellanicum,</span> <span class='ocrx_word' id='word_1_25' title='bbox 1038 1085 1214 1172; x_wconf 87' lang='lat' dir='ltr'>additque:</span> <span class='ocrx_word' id='word_1_26' title='bbox 1238 1084 1300 1160; x_wconf 86' lang='grc' dir='ltr'>Ὡς</span> <span class='ocrx_word' id='word_1_27' title='bbox 1321 1083 1353 1151; x_wconf 81' lang='grc' dir='ltr'>δὲ</span> 
     </span>
     <span class='ocr_line' id='line_1_6' title="bbox 286 1186 1350 1276; baseline -0.003 -22"><span class='ocrx_word' id='word_1_28' title='bbox 286 1186 439 1267; x_wconf 70' lang='grc' dir='ltr'>Ἠσίοδος</span> <span class='ocrx_word' id='word_1_29' title='bbox 469 1196 555 1276; x_wconf 73' lang='grc' dir='ltr'>φησὶ,</span> <span class='ocrx_word' id='word_1_30' title='bbox 584 1194 734 1266; x_wconf 90' lang='grc' dir='ltr'>Φοίνικος</span> <span class='ocrx_word' id='word_1_31' title='bbox 759 1196 815 1256; x_wconf 82' lang='grc' dir='ltr'>τοῦ</span> <span class='ocrx_word' id='word_1_32' title='bbox 840 1189 1023 1275; x_wconf 78' lang='grc' dir='ltr'><strong>Ἀγήνορος</strong></span> <span class='ocrx_word' id='word_1_33' title='bbox 1053 1193 1101 1253; x_wconf 82' lang='grc' dir='ltr'>καὶ</span> <span class='ocrx_word' id='word_1_34' title='bbox 1130 1191 1350 1262; x_wconf 77' lang='grc' dir='ltr'>Κασσιεπείας·</span> 
     </span>
     <span class='ocr_line' id='line_1_7' title="bbox 288 1285 1352 1377; baseline -0.003 -21"><span class='ocrx_word' id='word_1_35' title='bbox 288 1294 406 1374; x_wconf 85' lang='grc' dir='ltr'>ὁμοίως</span> <span class='ocrx_word' id='word_1_36' title='bbox 427 1289 458 1357; x_wconf 71' lang='grc' dir='ltr'>δὲ</span> <span class='ocrx_word' id='word_1_37' title='bbox 483 1297 531 1357; x_wconf 76' lang='grc' dir='ltr'>καὶ</span> <span class='ocrx_word' id='word_1_38' title='bbox 551 1288 788 1368; x_wconf 77' lang='grc' dir='ltr'>Ἀσκληπιάδης</span> <span class='ocrx_word' id='word_1_39' title='bbox 808 1296 857 1358; x_wconf 80' lang='grc' dir='ltr'>καὶ</span> <span class='ocrx_word' id='word_1_40' title='bbox 878 1291 1074 1377; x_wconf 76' lang='grc' dir='ltr'>Ἀντίμαχος</span> <span class='ocrx_word' id='word_1_41' title='bbox 1099 1295 1147 1355; x_wconf 76' lang='grc' dir='ltr'>καὶ</span> <span class='ocrx_word' id='word_1_42' title='bbox 1175 1285 1352 1374; x_wconf 74' lang='grc' dir='ltr'>Φερεκύδης</span> 
     </span>
     <span class='ocr_line' id='line_1_8' title="bbox 287 1388 1352 1478; baseline -0.004 -21"><span class='ocrx_word' id='word_1_43' title='bbox 287 1398 393 1478; x_wconf 80' lang='grc' dir='ltr'>φασὶν.</span> <span class='ocrx_word' id='word_1_44' title='bbox 439 1394 495 1458; x_wconf 89' lang='grc' dir='ltr'>Ἐκ</span> <span class='ocrx_word' id='word_1_45' title='bbox 516 1398 574 1475; x_wconf 77' lang='grc' dir='ltr'>μὲν</span> <span class='ocrx_word' id='word_1_46' title='bbox 605 1397 813 1468; x_wconf 76' lang='grc' dir='ltr'>Κασσιεπείας</span> <span class='ocrx_word' id='word_1_47' title='bbox 835 1401 891 1467; x_wconf 82' lang='grc' dir='ltr'>τῆς</span> <span class='ocrx_word' id='word_1_48' title='bbox 913 1388 1061 1477; x_wconf 86' lang='grc' dir='ltr'>Ἀράβου</span> <span class='ocrx_word' id='word_1_49' title='bbox 1084 1394 1207 1456; x_wconf 79' lang='grc' dir='ltr'>Φοίνικι</span> <span class='ocrx_word' id='word_1_50' title='bbox 1233 1393 1352 1475; x_wconf 83' lang='grc' dir='ltr'>γίνεται</span> 
     </span>
     <span class='ocr_line' id='line_1_9' title="bbox 289 1490 1352 1578; baseline -0.006 -20"><span class='ocrx_word' id='word_1_51' title='bbox 289 1492 385 1567; x_wconf 69' lang='grc' dir='ltr'>Κίλιξ</span> <span class='ocrx_word' id='word_1_52' title='bbox 405 1499 455 1560; x_wconf 84' lang='grc' dir='ltr'>καὶ</span> <span class='ocrx_word' id='word_1_53' title='bbox 480 1497 594 1570; x_wconf 77' lang='grc' dir='ltr'>Φινεὺς</span> <span class='ocrx_word' id='word_1_54' title='bbox 617 1500 666 1561; x_wconf 81' lang='grc' dir='ltr'>καὶ</span> <span class='ocrx_word' id='word_1_55' title='bbox 692 1492 862 1578; x_wconf 78' lang='grc' dir='ltr'>Δόρυκλος</span> <span class='ocrx_word' id='word_1_56' title='bbox 884 1522 910 1558; x_wconf 74' lang='grc' dir='ltr'>κ.</span> <span class='ocrx_word' id='word_1_57' title='bbox 932 1491 964 1556; x_wconf 86' lang='grc' dir='ltr'>λ.</span> <span class='ocrx_word' id='word_1_58' title='bbox 1010 1490 1172 1554; x_wconf 82' lang='lat' dir='ltr'>Hellanici</span> <span class='ocrx_word' id='word_1_59' title='bbox 1196 1490 1352 1554; x_wconf 81' lang='lat' dir='ltr'>rationem</span> 
     </span>
     <span class='ocr_line' id='line_1_10' title="bbox 287 1590 1352 1681; baseline -0.004 -24"><span class='ocrx_word' id='word_1_60' title='bbox 287 1594 416 1681; x_wconf 86' lang='lat' dir='ltr'>plurimi</span> <span class='ocrx_word' id='word_1_61' title='bbox 440 1595 571 1681; x_wconf 89' lang='lat' dir='ltr'>sequuti</span> <span class='ocrx_word' id='word_1_62' title='bbox 596 1605 684 1672; x_wconf 86' lang='lat' dir='ltr'>sunt,</span> <span class='ocrx_word' id='word_1_63' title='bbox 704 1595 736 1658; x_wconf 93' lang='lat' dir='ltr'>in</span> <span class='ocrx_word' id='word_1_64' title='bbox 761 1594 811 1658; x_wconf 90' lang='lat' dir='ltr'>his</span> <span class='ocrx_word' id='word_1_65' title='bbox 831 1603 918 1657; x_wconf 82' lang='lat' dir='ltr'>auct.</span> <span class='ocrx_word' id='word_1_66' title='bbox 942 1591 1047 1678; x_wconf 90' lang='lat' dir='ltr'>Orph.</span> <span class='ocrx_word' id='word_1_67' title='bbox 1062 1592 1141 1680; x_wconf 79' lang='lat' dir='ltr'>Arg.</span> <span class='ocrx_word' id='word_1_68' title='bbox 1164 1591 1239 1655; x_wconf 87' lang='lat'><strong>678.</strong></span> <span class='ocrx_word' id='word_1_69' title='bbox 1286 1590 1352 1654; x_wconf 86' lang='lat' dir='ltr'>Alii</span> 
     </span>
     <span class='ocr_line' id='line_1_11' title="bbox 288 1691 1350 1783; baseline -0.002 -25"><span class='ocrx_word' id='word_1_70' title='bbox 288 1695 433 1782; x_wconf 81' lang='lat' dir='ltr'>Neptuni</span> <span class='ocrx_word' id='word_1_71' title='bbox 455 1698 559 1761; x_wconf 90' lang='lat' dir='ltr'>filium</span> <span class='ocrx_word' id='word_1_72' title='bbox 582 1698 742 1761; x_wconf 85' lang='lat' dir='ltr'>dixerunt.</span> <span class='ocrx_word' id='word_1_73' title='bbox 787 1696 839 1762; x_wconf 82' lang='lat' dir='ltr'>cf.</span> <span class='ocrx_word' id='word_1_74' title='bbox 864 1717 946 1783; x_wconf 87' lang='lat' dir='ltr'>quos</span> <span class='ocrx_word' id='word_1_75' title='bbox 968 1696 1081 1760; x_wconf 83' lang='lat' dir='ltr'>laudat</span> <span class='ocrx_word' id='word_1_76' title='bbox 1103 1716 1165 1759; x_wconf 87' lang='lat' dir='ltr'>van</span> <span class='ocrx_word' id='word_1_77' title='bbox 1192 1691 1285 1758; x_wconf 83' lang='lat' dir='ltr'>Stav.</span> <span class='ocrx_word' id='word_1_78' title='bbox 1309 1693 1350 1758; x_wconf 92' lang='lat' dir='ltr'>ad</span> 
     </span>
     <span class='ocr_line' id='line_1_12' title="bbox 287 1795 1351 1885; baseline -0.002 -25"><span class='ocrx_word' id='word_1_79' title='bbox 287 1797 411 1885; x_wconf 87' lang='lat' dir='ltr'>Hygin.</span> <span class='ocrx_word' id='word_1_80' title='bbox 429 1797 466 1862; x_wconf 90' lang='lat' dir='ltr'>F.</span> <span class='ocrx_word' id='word_1_81' title='bbox 486 1799 539 1864; x_wconf 89' lang='grc'>19.</span> <span class='ocrx_word' id='word_1_82' title='bbox 584 1796 715 1863; x_wconf 86' lang='lat' dir='ltr'>Scholio</span> <span class='ocrx_word' id='word_1_83' title='bbox 731 1808 838 1863; x_wconf 87' lang='lat' dir='ltr'>nostro</span> <span class='ocrx_word' id='word_1_84' title='bbox 853 1796 970 1862; x_wconf 81' lang='lat' dir='ltr'>similia</span> <span class='ocrx_word' id='word_1_85' title='bbox 985 1818 1042 1861; x_wconf 88' lang='lat' dir='ltr'>seu</span> <span class='ocrx_word' id='word_1_86' title='bbox 1056 1795 1170 1861; x_wconf 81' lang='lat' dir='ltr'>eedem</span> <span class='ocrx_word' id='word_1_87' title='bbox 1182 1795 1302 1883; x_wconf 87' lang='lat' dir='ltr'>potius,</span> <span class='ocrx_word' id='word_1_88' title='bbox 1316 1804 1351 1859; x_wconf 93' lang='lat' dir='ltr'>at</span> 
     </span>
     <span class='ocr_line' id='line_1_13' title="bbox 288 1898 1023 1988; baseline -0.001 -25"><span class='ocrx_word' id='word_1_89' title='bbox 288 1899 364 1965; x_wconf 89' lang='lat' dir='ltr'>mire</span> <span class='ocrx_word' id='word_1_90' title='bbox 379 1901 559 1987; x_wconf 85' lang='lat' dir='ltr'>deturpata,</span> <span class='ocrx_word' id='word_1_91' title='bbox 573 1899 724 1988; x_wconf 86' lang='lat' dir='ltr'>apposuit</span> <span class='ocrx_word' id='word_1_92' title='bbox 738 1899 886 1964; x_wconf 85' lang='lat' dir='ltr'>Eudocia</span> <span class='ocrx_word' id='word_1_93' title='bbox 901 1921 934 1985; x_wconf 93' lang='lat' dir='ltr'>p.</span> <span class='ocrx_word' id='word_1_94' title='bbox 950 1898 1023 1963; x_wconf 84' lang='lat'>414.</span> 
     </span>
    </p>
   </div>
   <div class='ocr_carea' id='block_1_4' title="bbox 764 2272 873 2336">
    <p class='ocr_par' dir='ltr' id='par_1_4' title="bbox 764 2272 873 2336">
     <span class='ocr_line' id='line_1_14' title="bbox 764 2272 873 2336; baseline 0 -1"><span class='ocrx_word' id='word_1_95' title='bbox 764 2272 873 2336; x_wconf 75' lang='lat' dir='ltr'>XLII.</span> 
     </span>
    </p>
   </div>
   <div class='ocr_carea' id='block_1_5' title="bbox 282 2497 1352 3911">
    <p class='ocr_par' dir='ltr' id='par_1_5' title="bbox 282 2497 1352 3911">
     <span class='ocr_line' id='line_1_15' title="bbox 282 2497 1346 2589; baseline 0.001 -24"><span class='ocrx_word' id='word_1_96' title='bbox 282 2501 414 2566; x_wconf 78' lang='lat' dir='ltr'>Senot..</span> <span class='ocrx_word' id='word_1_97' title='bbox 432 2504 536 2589; x_wconf 89' lang='lat' dir='ltr'>Apoll.</span> <span class='ocrx_word' id='word_1_98' title='bbox 555 2503 617 2566; x_wconf 84' lang='lat' dir='ltr'>Rh.</span> <span class='ocrx_word' id='word_1_99' title='bbox 635 2501 681 2577; x_wconf 88' lang='lat' dir='ltr'>ll,</span> <span class='ocrx_word' id='word_1_100' title='bbox 696 2501 769 2565; x_wconf 79' lang='lat'>296.</span> <span class='ocrx_word' id='word_1_101' title='bbox 817 2497 1007 2586; x_wconf 73' lang='grc' dir='ltr'>Στροφάδας</span> <span class='ocrx_word' id='word_1_102' title='bbox 1023 2505 1098 2586; x_wconf 79' lang='grc' dir='ltr'>φησὶ</span> <span class='ocrx_word' id='word_1_103' title='bbox 1115 2498 1283 2574; x_wconf 81' lang='grc' dir='ltr'>κεκλῆσθαι</span> <span class='ocrx_word' id='word_1_104' title='bbox 1295 2498 1346 2566; x_wconf 82' lang='grc' dir='ltr'>διὰ</span> 
     </span>
     <span class='ocr_line' id='line_1_16' title="bbox 283 2601 1352 2690; baseline -0.003 -21"><span class='ocrx_word' id='word_1_105' title='bbox 283 2607 321 2670; x_wconf 84' lang='grc' dir='ltr'>τὸ</span> <span class='ocrx_word' id='word_1_106' title='bbox 341 2609 417 2681; x_wconf 86' lang='grc' dir='ltr'>τοὺς</span> <span class='ocrx_word' id='word_1_107' title='bbox 440 2601 600 2690; x_wconf 82' lang='grc' dir='ltr'>Βορεάδας</span> <span class='ocrx_word' id='word_1_108' title='bbox 621 2601 754 2669; x_wconf 82' lang='grc' dir='ltr'>αὐτόθεν</span> <span class='ocrx_word' id='word_1_109' title='bbox 774 2604 980 2687; x_wconf 69' lang='grc' dir='ltr'>ὑποστρέψαι,</span> <span class='ocrx_word' id='word_1_110' title='bbox 997 2604 1192 2687; x_wconf 76' lang='grc' dir='ltr'>στραφέντας</span> <span class='ocrx_word' id='word_1_111' title='bbox 1214 2603 1260 2674; x_wconf 81' lang='grc' dir='ltr'>εἷς</span> <span class='ocrx_word' id='word_1_112' title='bbox 1278 2601 1352 2666; x_wconf 79' lang='grc' dir='ltr'>τού-</span> 
     </span>
     <span class='ocr_line' id='line_1_17' title="bbox 283 2698 1351 2792; baseline -0.004 -20"><span class='ocrx_word' id='word_1_113' title='bbox 283 2712 376 2772; x_wconf 88' lang='grc' dir='ltr'>πίσω·</span> <span class='ocrx_word' id='word_1_114' title='bbox 401 2704 519 2792; x_wconf 82' lang='grc' dir='ltr'>λαβών</span> <span class='ocrx_word' id='word_1_115' title='bbox 545 2707 631 2792; x_wconf 85' lang='grc' dir='ltr'>παρὰ</span> <span class='ocrx_word' id='word_1_116' title='bbox 654 2705 860 2791; x_wconf 85' lang='grc' dir='ltr'>Ἀντιμάχου.</span> <span class='ocrx_word' id='word_1_117' title='bbox 908 2706 948 2768; x_wconf 86' lang='grc' dir='ltr'>Οἱ</span> <span class='ocrx_word' id='word_1_118' title='bbox 975 2700 1006 2769; x_wconf 71' lang='grc' dir='ltr'>δὲ</span> <span class='ocrx_word' id='word_1_119' title='bbox 1035 2698 1226 2787; x_wconf 75' lang='grc' dir='ltr'>Στροφάδας</span> <span class='ocrx_word' id='word_1_120' title='bbox 1253 2708 1351 2787; x_wconf 79' lang='grc' dir='ltr'>φασὶν</span> 
     </span>
     <span class='ocr_line' id='line_1_18' title="bbox 285 2802 1351 2893; baseline -0.001 -20"><span class='ocrx_word' id='word_1_121' title='bbox 285 2805 460 2885; x_wconf 79' lang='grc' dir='ltr'>κεκλῆσθαι,</span> <span class='ocrx_word' id='word_1_122' title='bbox 477 2805 553 2873; x_wconf 83' lang='grc' dir='ltr'>καθὸ</span> <span class='ocrx_word' id='word_1_123' title='bbox 575 2810 812 2893; x_wconf 79' lang='grc' dir='ltr'>ἐπιστραφέντες</span> <span class='ocrx_word' id='word_1_124' title='bbox 828 2802 938 2870; x_wconf 83' lang='grc' dir='ltr'>αὐτόθι</span> <span class='ocrx_word' id='word_1_125' title='bbox 958 2803 1096 2881; x_wconf 71' lang='grc' dir='ltr'>ηὔξαντο</span> <span class='ocrx_word' id='word_1_126' title='bbox 1115 2809 1161 2890; x_wconf 72' lang='grc' dir='ltr'>τῷ</span> <span class='ocrx_word' id='word_1_127' title='bbox 1182 2803 1238 2870; x_wconf 75' lang='grc' dir='ltr'>Διῒ</span> <span class='ocrx_word' id='word_1_128' title='bbox 1260 2834 1351 2872; x_wconf 87' lang='grc' dir='ltr'>κατα-</span> 
     </span>
     <span class='ocr_line' id='line_1_19' title="bbox 285 2904 1352 2995; baseline 0 -22"><span class='ocrx_word' id='word_1_129' title='bbox 285 2907 403 2995; x_wconf 81' lang='grc' dir='ltr'>λαβεῖν</span> <span class='ocrx_word' id='word_1_130' title='bbox 429 2912 488 2984; x_wconf 85' lang='grc' dir='ltr'>τὰς</span> <span class='ocrx_word' id='word_1_131' title='bbox 513 2908 678 2995; x_wconf 74' lang='grc' dir='ltr'>Ἁρπυίας.</span> <span class='ocrx_word' id='word_1_132' title='bbox 733 2909 821 2974; x_wconf 83' lang='grc' dir='ltr'>Κατὰ</span> <span class='ocrx_word' id='word_1_133' title='bbox 846 2905 878 2973; x_wconf 74' lang='grc' dir='ltr'>δὲ</span> <span class='ocrx_word' id='word_1_134' title='bbox 901 2904 1056 2973; x_wconf 84' lang='grc' dir='ltr'>Ἡσίοδον</span> <span class='ocrx_word' id='word_1_135' title='bbox 1081 2912 1130 2971; x_wconf 79' lang='grc' dir='ltr'>καὶ</span> <span class='ocrx_word' id='word_1_136' title='bbox 1152 2906 1352 2995; x_wconf 80' lang='grc' dir='ltr'>Ἀντίμαχον</span> 
     </span>
     <span class='ocr_line' id='line_1_20' title="bbox 286 3007 1348 3093; baseline -0.004 -17"><span class='ocrx_word' id='word_1_137' title='bbox 286 3015 335 3076; x_wconf 83' lang='grc' dir='ltr'>καὶ</span> <span class='ocrx_word' id='word_1_138' title='bbox 350 3009 575 3076; x_wconf 85' lang='grc' dir='ltr'>Ἀπολλώνιον</span> <span class='ocrx_word' id='word_1_139' title='bbox 591 3012 629 3075; x_wconf 81' lang='grc' dir='ltr'>οὐ</span> <span class='ocrx_word' id='word_1_140' title='bbox 646 3014 827 3076; x_wconf 86' lang='grc' dir='ltr'>κτείνονται.</span> <span class='ocrx_word' id='word_1_141' title='bbox 875 3007 1000 3093; x_wconf 87' lang='lat' dir='ltr'>Nempe</span> <span class='ocrx_word' id='word_1_142' title='bbox 1020 3008 1062 3072; x_wconf 82' lang='lat' dir='ltr'>ab</span> <span class='ocrx_word' id='word_1_143' title='bbox 1077 3007 1251 3092; x_wconf 88' lang='lat' dir='ltr'>Apollonio</span> <span class='ocrx_word' id='word_1_144' title='bbox 1267 3030 1285 3071; x_wconf 88' lang='lat' dir='ltr'>a</span> <span class='ocrx_word' id='word_1_145' title='bbox 1302 3031 1348 3072; x_wconf 75' lang='lat' dir='ltr'>vo.</span> 
     </span>
     <span class='ocr_line' id='line_1_21' title="bbox 285 3108 1351 3197; baseline 0 -23"><span class='ocrx_word' id='word_1_146' title='bbox 285 3111 361 3175; x_wconf 90' lang='lat' dir='ltr'>inde</span> <span class='ocrx_word' id='word_1_147' title='bbox 382 3113 456 3174; x_wconf 82' lang='lat'>262.</span> <span class='ocrx_word' id='word_1_148' title='bbox 472 3112 671 3175; x_wconf 83' lang='lat' dir='ltr'>inducuntur</span> <span class='ocrx_word' id='word_1_149' title='bbox 686 3109 852 3188; x_wconf 86' lang='lat' dir='ltr'>Boreadae,</span> <span class='ocrx_word' id='word_1_150' title='bbox 877 3109 970 3174; x_wconf 85' lang='lat' dir='ltr'>Zetes</span> <span class='ocrx_word' id='word_1_151' title='bbox 991 3119 1024 3173; x_wconf 93' lang='lat' dir='ltr'>et</span> <span class='ocrx_word' id='word_1_152' title='bbox 1045 3108 1165 3188; x_wconf 84' lang='lat' dir='ltr'>Calais,</span> <span class='ocrx_word' id='word_1_153' title='bbox 1187 3109 1351 3197; x_wconf 82' lang='lat' dir='ltr'>Harpyias</span> 
     </span>
     <span class='ocr_line' id='line_1_22' title="bbox 285 3210 1351 3300; baseline 0 -23"><span class='ocrx_word' id='word_1_154' title='bbox 285 3221 513 3300; x_wconf 88' lang='lat' dir='ltr'>persequentes</span> <span class='ocrx_word' id='word_1_155' title='bbox 534 3235 652 3299; x_wconf 86' lang='lat' dir='ltr'>magno</span> <span class='ocrx_word' id='word_1_156' title='bbox 673 3213 807 3297; x_wconf 90' lang='lat' dir='ltr'>impetu,</span> <span class='ocrx_word' id='word_1_157' title='bbox 830 3213 932 3276; x_wconf 88' lang='lat' dir='ltr'>donee</span> <span class='ocrx_word' id='word_1_158' title='bbox 953 3233 1019 3291; x_wconf 86' lang='lat' dir='ltr'>eas,</span> <span class='ocrx_word' id='word_1_159' title='bbox 1041 3211 1222 3275; x_wconf 89' lang='lat' dir='ltr'>interventu</span> <span class='ocrx_word' id='word_1_160' title='bbox 1244 3210 1351 3290; x_wconf 88' lang='lat' dir='ltr'>Iridis,</span> 
     </span>
     <span class='ocr_line' id='line_1_23' title="bbox 285 3313 1349 3402; baseline -0.001 -24"><span class='ocrx_word' id='word_1_161' title='bbox 285 3338 383 3402; x_wconf 89' lang='lat' dir='ltr'>prope</span> <span class='ocrx_word' id='word_1_162' title='bbox 399 3314 511 3378; x_wconf 89' lang='lat' dir='ltr'>Plotas</span> <span class='ocrx_word' id='word_1_163' title='bbox 525 3313 648 3378; x_wconf 86' lang='lat' dir='ltr'>insulas</span> <span class='ocrx_word' id='word_1_164' title='bbox 663 3314 834 3378; x_wconf 89' lang='lat' dir='ltr'>dimittunt</span> <span class='ocrx_word' id='word_1_165' title='bbox 843 3313 983 3400; x_wconf 89' lang='lat' dir='ltr'>indeque</span> <span class='ocrx_word' id='word_1_166' title='bbox 993 3321 1206 3378; x_wconf 87' lang='lat' dir='ltr'>revertuntur.</span> <span class='ocrx_word' id='word_1_167' title='bbox 1252 3313 1349 3393; x_wconf 87' lang='lat' dir='ltr'>Hinc,</span> 
     </span>
     <span class='ocr_line' id='line_1_24' title="bbox 286 3413 1351 3504; baseline -0.004 -22"><span class='ocrx_word' id='word_1_168' title='bbox 286 3418 420 3504; x_wconf 91' lang='lat' dir='ltr'>antiqua</span> <span class='ocrx_word' id='word_1_169' title='bbox 446 3417 531 3480; x_wconf 85' lang='lat' dir='ltr'>fama</span> <span class='ocrx_word' id='word_1_170' title='bbox 557 3415 630 3494; x_wconf 86' lang='lat' dir='ltr'>fuit,</span> <span class='ocrx_word' id='word_1_171' title='bbox 654 3415 768 3480; x_wconf 87' lang='lat' dir='ltr'>insulis</span> <span class='ocrx_word' id='word_1_172' title='bbox 795 3436 914 3479; x_wconf 83' lang='lat' dir='ltr'>novum</span> <span class='ocrx_word' id='word_1_173' title='bbox 940 3437 1055 3479; x_wconf 90' lang='lat' dir='ltr'>nomen</span> <span class='ocrx_word' id='word_1_174' title='bbox 1083 3413 1305 3501; x_wconf 88' lang='lat' dir='ltr'>Strophadum</span> <span class='ocrx_word' id='word_1_175' title='bbox 1331 3437 1351 3478; x_wconf 91' lang='lat' dir='ltr'>a</span> 
     </span>
     <span class='ocr_line' id='line_1_25' title="bbox 286 3517 1350 3608; baseline -0.005 -21"><span class='ocrx_word' id='word_1_176' title='bbox 286 3525 426 3608; x_wconf 81' lang='grc' dir='ltr'>στρέφειν</span> <span class='ocrx_word' id='word_1_177' title='bbox 452 3519 587 3583; x_wconf 87' lang='lat' dir='ltr'>venisse.</span> <span class='ocrx_word' id='word_1_178' title='bbox 633 3518 729 3582; x_wconf 82' lang='lat' dir='ltr'>Hanc</span> <span class='ocrx_word' id='word_1_179' title='bbox 749 3517 896 3603; x_wconf 83' lang='lat' dir='ltr'>sequitui·</span> <span class='ocrx_word' id='word_1_180' title='bbox 911 3517 1112 3604; x_wconf 89' lang='lat' dir='ltr'>Apollonius,</span> <span class='ocrx_word' id='word_1_181' title='bbox 1129 3517 1163 3579; x_wconf 91' lang='lat' dir='ltr'>in</span> <span class='ocrx_word' id='word_1_182' title='bbox 1183 3540 1250 3604; x_wconf 84' lang='lat' dir='ltr'>qua</span> <span class='ocrx_word' id='word_1_183' title='bbox 1269 3540 1350 3604; x_wconf 86' lang='lat' dir='ltr'>prae·</span> 
     </span>
     <span class='ocr_line' id='line_1_26' title="bbox 287 3617 1348 3706; baseline -0.003 -20"><span class='ocrx_word' id='word_1_184' title='bbox 287 3623 380 3687; x_wconf 85' lang='lat' dir='ltr'>ivisse</span> <span class='ocrx_word' id='word_1_185' title='bbox 396 3621 628 3686; x_wconf 82' lang='lat' dir='ltr'>Antimachum</span> <span class='ocrx_word' id='word_1_186' title='bbox 644 3641 661 3682; x_wconf 89' lang='lat' dir='ltr'>e</span> <span class='ocrx_word' id='word_1_187' title='bbox 676 3618 783 3684; x_wconf 83' lang='lat' dir='ltr'>Schol.</span> <span class='ocrx_word' id='word_1_188' title='bbox 801 3619 967 3683; x_wconf 88' lang='lat' dir='ltr'>discimus.</span> <span class='ocrx_word' id='word_1_189' title='bbox 993 3618 1045 3682; x_wconf 84' lang='lat' dir='ltr'>cf.</span> <span class='ocrx_word' id='word_1_190' title='bbox 1055 3617 1225 3682; x_wconf 84' lang='lat' dir='ltr'>Summum</span> <span class='ocrx_word' id='word_1_191' title='bbox 1242 3618 1348 3706; x_wconf 88' lang='lat' dir='ltr'>Heyn.</span> 
     </span>
     <span class='ocr_line' id='line_1_27' title="bbox 286 3719 1349 3810; baseline -0.004 -22"><span class='ocrx_word' id='word_1_192' title='bbox 286 3725 327 3788; x_wconf 92' lang='lat' dir='ltr'>ad</span> <span class='ocrx_word' id='word_1_193' title='bbox 348 3723 495 3810; x_wconf 90' lang='lat' dir='ltr'>Apollod.</span> <span class='ocrx_word' id='word_1_194' title='bbox 516 3727 548 3808; x_wconf 90' lang='lat' dir='ltr'>p.</span> <span class='ocrx_word' id='word_1_195' title='bbox 571 3723 653 3800; x_wconf 70' lang='lat'>195„</span> <span class='ocrx_word' id='word_1_196' title='bbox 669 3721 710 3785; x_wconf 91' lang='lat' dir='ltr'>ad</span> <span class='ocrx_word' id='word_1_197' title='bbox 735 3742 832 3807; x_wconf 92' lang='lat' dir='ltr'>quem</span> <span class='ocrx_word' id='word_1_198' title='bbox 852 3721 1042 3785; x_wconf 88' lang='lat' dir='ltr'>thesaurum</span> <span class='ocrx_word' id='word_1_199' title='bbox 1063 3719 1219 3806; x_wconf 82' lang='lat' dir='ltr'>mythieae</span> <span class='ocrx_word' id='word_1_200' title='bbox 1243 3721 1349 3785; x_wconf 85' lang='lat' dir='ltr'>erudi·</span> 
     </span>
     <span class='ocr_line' id='line_1_28' title="bbox 285 3822 1008 3911; baseline -0.008 -20"><span class='ocrx_word' id='word_1_201' title='bbox 285 3828 382 3891; x_wconf 87' lang='lat' dir='ltr'>tionis</span> <span class='ocrx_word' id='word_1_202' title='bbox 397 3826 530 3890; x_wconf 89' lang='lat' dir='ltr'>lectores</span> <span class='ocrx_word' id='word_1_203' title='bbox 546 3823 721 3911; x_wconf 87' lang='lat' dir='ltr'>saepissime</span> <span class='ocrx_word' id='word_1_204' title='bbox 736 3822 907 3908; x_wconf 84' lang='lat' dir='ltr'>ablegandi</span> <span class='ocrx_word' id='word_1_205' title='bbox 923 3832 1008 3887; x_wconf 88' lang='lat' dir='ltr'>sunt.</span> 
     </span>
    </p>
   </div>
   <div class='ocr_carea' id='block_1_6' title="bbox 0 0 1451 4792">
    <p class='ocr_par' dir='ltr' id='par_1_6' title="bbox 0 0 1451 4792">
     <span class='ocr_line' id='line_1_29' title="bbox 0 0 1451 4792; baseline 0 0"><span class='ocrx_word' id='word_1_206' title='bbox 0 0 1451 4792; x_wconf 95' lang='lat' dir='ltr'> </span> 
     </span>
    </p>
   </div>
  </div>
 </body>
</html>
