2880 4792
290 313 357 381 118
591 334 814 383 nu‘rrsracnr
842 334 1043 390 usurouraa.

287 481 426 547 Homero
440 484 619 547 celebratur
635 484 667 546 in
688 483 831 547 versibus
841 483 911 569 jam
928 492 1001 547 ante
1017 480 1160 545 laudatis
1177 480 1215 542 ll.
1232 508 1253 547 ι.
1270 478 1344 541 553.

283 605 356 669 sqq.
402 584 462 648 Est
482 584 509 648 is
531 586 671 671 Apharei
695 586 792 665 tilius,
810 584 929 671 Lyncei
952 583 1109 648 notissimi
1131 582 1218 645 illius
1240 579 1347 656 frater,

284 706 424 770 quocum
440 697 473 751 et
488 686 556 773 ipse
568 688 650 752 inter
662 688 866 772 Argonautas
881 685 942 749 fuit
958 685 1016 766 (V.
1029 685 1137 771 Apoll.
1153 682 1220 746 Rh.
1234 681 1261 760 l,
1273 680 1345 745 151.

282 792 382 874 sqq.),
397 801 538 853 ceterum
556 789 726 875 Marpissoe
743 798 886 873 raptor,e
902 809 967 873 qua
979 786 1186 873 Cleopatram
1202 783 1346 860 sustulit,

281 889 361 952 alias
388 902 533 954 vocatam
561 892 739 977 Alcyonen.
784 889 836 953 Ad
862 889 944 952 banc
972 889 1086 953 referre
1111 910 1174 952 nou
1197 886 1344 951 dubitem

282 991 379 1055 verba
387 989 536 1068 Ἰδαυτος
551 995 659 1079 κούρη,
675 1013 750 1056 cum
765 992 849 1055 alius
865 989 933 1054 ldae
954 991 1021 1054 filia
1042 991 1131 1054 nulla
1152 988 1272 1054 sabulis
1286 1009 1344 1051 no·
1365 984 1368 989 ’

281 1091 407 1158 bilitata
420 1095 602 1159 innotuerit.
636 1093 708 1158 Hoc
724 1102 831 1159 autem
846 1092 952 1180 posito
968 1115 1078 1158 versus
1093 1092 1191 1157 etiam
1206 1091 1286 1154 alter
1300 1089 1342 1154 ad

281 1193 418 1257 cundem
434 1204 577 1281 spectare
592 1195 763 1274 ridebitur,
774 1216 876 1280 eoque
889 1193 1004 1279 magis,
1017 1193 1105 1280 quod
1121 1193 1194 1279 ipsa
1209 1191 1342 1255 Homeri

282 1295 388 1372 verba,
399 1297 437 1371 ὃς
452 1299 617 1382 κάρτιστος
632 1295 826 1382 ἐπιχθονίων
841 1301 880 1372 ἦν
896 1292 1035 1381 ἀνδρῶν,
1046 1294 1085 1357 de
1101 1295 1165 1358 alio
1176 1293 1271 1357 heroe
1286 1292 1342 1356 vix

280 1394 361 1459 bene
378 1397 502 1460 retineri
519 1398 691 1482 potuerint.
736 1396 810 1459 Jam
830 1397 857 1460 si
872 1396 943 1460 haec
959 1396 1146 1460 Antimachi
1162 1395 1344 1481 fragmenta

281 1496 322 1559 ad
343 1495 537 1561 Thebaidem
559 1498 703 1561 retuleris
724 1498 826 1584 (quod
849 1498 889 1561 de
911 1498 1013 1583 priore
1033 1519 1110 1562 sane
1133 1494 1344 1583 probabiliter

280 1597 362 1678 fiat),
379 1597 486 1662 forsan
507 1598 583 1662 hinc
604 1599 775 1685 intelliges
796 1599 882 1663 unde
905 1599 998 1663 Idam
1019 1621 1112 1662 suum
1138 1597 1264 1661 Statius
1288 1618 1343 1660 ac·

280 1701 410 1786 ceperit,
436 1722 533 1786 quem
557 1701 611 1764 ille
636 1702 755 1787 saepius
779 1701 891 1764 eadem
917 1700 1091 1778 ferocitate,
1114 1721 1182 1787 qua
1203 1699 1246 1764 ab
1270 1698 1343 1762 aliis

280 1823 411 1889 quoque
431 1802 507 1867 inde
528 1802 569 1866 ab
585 1801 728 1866 Homero
748 1812 890 1881 notatur,
903 1803 936 1866 in
952 1810 1161 1889 conspectum
1181 1800 1343 1887 producit,

281 1903 425 1991 inprimis
440 1903 521 1968 libro
535 1903 597 1984 Vl,
613 1905 686 1968 553.
704 1925 788 1992 sqq,
805 1904 859 1967 ubi
875 1904 969 1968 ludos
988 1903 1137 1968 funebres
1152 1902 1342 1966 Archemori

278 2003 445 2068 institutos
462 2013 528 2068 tam
544 2005 710 2069 ambitiose
725 2005 886 2069 describit.
933 2006 977 2068 At
988 2027 1061 2070 vero
1077 2026 1151 2068 eum
1164 2003 1256 2067 nullo
1269 2003 1341 2067 loco

281 2104 414 2169 Latinus
430 2116 523 2193 poeta
537 2106 679 2193 Apharei
695 2108 795 2171 tilium
811 2107 960 2192 prodidit.
1007 2106 1084 2171 Fuit
1105 2127 1221 2192 nempe
1241 2107 1344 2170 altera

278 2206 374 2286 fama,
388 2231 462 2294 quae
484 2207 673 2295 Neptunum
688 2209 750 2293 ipsi
766 2219 888 2295 patrem
908 2208 1030 2288 tribuit,
1046 2217 1193 2272 narrante
1208 2207 1342 2293 Apollo·

278 2304 356 2373 doro
372 2307 437 2389 ΙΙΙ,
457 2309 507 2373 10.
525 2332 558 2396 p.
574 2311 648 2373 233.
682 2309 786 2396 Cujus
802 2311 933 2397 quidem
949 2309 1044 2374 famae
1060 2319 1221 2374 auctorem
1237 2310 1339 2374 alium

277 2432 375 2495 quem
400 2410 530 2475 afferam
552 2411 585 2474 in
611 2411 735 2476 Graecis
761 2421 858 2490 certe,
882 2433 944 2475 non
971 2411 1084 2477 habeo.
1130 2410 1201 2476 Nec
1227 2421 1339 2477 tamen

277 2509 380 2576 Statio
396 2512 476 2576 nihil
492 2512 691 2577 auctoritatis
706 2523 755 2577 est
769 2513 801 2575 in
816 2513 947 2590 talibus,
957 2535 1030 2598 quae
1045 2533 1083 2576 ex
1099 2511 1339 2599 antiquioribus

278 2611 403 2693 hausta,
418 2636 482 2678 non
498 2635 517 2676 a
532 2636 566 2677 se
581 2614 668 2693 ficta,
685 2614 717 2678 in
730 2635 857 2678 carmen
873 2636 967 2677 suum
982 2613 1106 2693 intulit;
1131 2613 1225 2699 isque
1240 2635 1337 2677 suum

278 2713 380 2793 Idam,
396 2725 503 2780 castra
518 2715 648 2780 Adrasti
662 2725 847 2802 sequutum,
868 2714 1044 2779 Tartaream
1059 2715 1141 2779 dicit
1154 2713 1237 2795 Vll,
1249 2715 1338 2795 588,

275 2818 361 2902 quod
378 2817 458 2881 forte
473 2818 603 2882 doctum
624 2818 790 2905 epitheton
807 2838 862 2903 pro
880 2815 1021 2902 Neptuni
1028 2815 1121 2901 prole
1136 2815 1335 2881 habendum.

275 2915 428 2981 Taenarus
442 2919 538 2997 enim,
555 2919 702 2984 Laconiae
724 2918 810 2999 urbs,
833 2917 988 3006 Neptuno
1012 2940 1112 2997 sacra,
1135 2919 1219 2984 vele
1236 2919 1334 2984 Corn.

276 3018 358 3105 Nep.
375 3019 407 3082 in
425 3020 523 3084 Paus.
539 3041 567 3084 c.
583 3023 613 3084 4.
630 3030 706 3086 nota
718 3031 777 3099 est,
792 3022 846 3085 ubi
861 3044 890 3085 v.
906 3020 1020 3108 -lntpp
1065 3020 1159 3084 Alius
1179 3030 1336 3107 praeterea

274 3142 325 3206 ap.
342 3119 427 3184 Stat.
443 3121 550 3186 adhuc
567 3121 643 3186 ldas
656 3132 705 3186 est
719 3123 802 3186 inter
821 3122 1002 3201 Thebanos,
1018 3144 1114 3208 quem
1133 3120 1335 3187 Orrchestium

274 3231 376 3299 vocat,
392 3223 447 3286 ubi
463 3244 573 3287 necem
588 3224 659 3308 ejus
674 3233 839 3303 memorat,
854 3223 953 3301 Vlll,
965 3224 1050 3301 467,
1067 3245 1132 3287 non
1146 3223 1334 3289 miscendus

273 3323 326 3387 ille
349 3346 423 3388 cum
451 3325 563 3411 priore.
608 3323 771 3404 Ceterum,
790 3326 876 3413 quod
905 3325 996 3388 Idam
1022 3333 1167 3389 nostrum
1193 3325 1334 3411 primum
1407 3407 1411 3412 ¹

274 3426 494 3512 Argonautam
510 3427 642 3514 aprique
659 3427 830 3514 Calydonii
845 3437 1036 3504 venatorem,
1046 3447 1119 3491 mox
1135 3425 1233 3491 etiam
1249 3428 1334 3493 bello

272 3526 426 3593 Thebano
442 3528 622 3593 interfuisse
637 3527 836 3606 tradiderint,
845 3529 877 3593 id
891 3550 954 3592 non
969 3527 1085 3591 mirum
1097 3527 1244 3591 videatur
1258 3528 1333 3608 illis,

272 3630 328 3716 qui
344 3631 478 3693 istarum
493 3651 597 3693 rerum
612 3638 756 3715 tempora
771 3628 900 3694 nbrunt.
946 3628 1121 3714 Compares
1136 3650 1212 3693 cum
1228 3629 1289 3709 his,
1304 3631 1332 3694 si

272 3732 371 3810 lubet,
393 3730 548 3794 Burman.
571 3731 675 3795 Catal.
692 3731 810 3818 Argon.
831 3754 861 3795 v.
881 3730 967 3796 Idus.
1014 3730 1089 3811 Hic,
1109 3731 1136 3793 si
1160 3732 1273 3810 erravi,
1297 3733 1331 3796 in

271 3855 389 3898 errores
404 3853 455 3896 me
468 3833 608 3896 induxit.
