<?xml version="1.0" encoding="UTF-8"?>
<!DOCTYPE html PUBLIC "-//W3C//DTD XHTML 1.0 Transitional//EN"
    "http://www.w3.org/TR/xhtml1/DTD/xhtml1-transitional.dtd">
<html xmlns="http://www.w3.org/1999/xhtml" xml:lang="en" lang="en">
 <head>
  <title>
</title>
<meta http-equiv="Content-Type" content="text/html;charset=utf-8" />
  <meta name='ocr-system' content='tesseract 3.04.00' />
  <meta name='ocr-capabilities' content='ocr_page ocr_carea ocr_par ocr_line ocrx_word'/>
</head>
<body>
  <div class='ocr_page' id='page_1' title='image "./antimachicoloph00antigoog_0029.png"; bbox 0 0 2880 4792; ppageno 0'>
   <div class='ocr_carea' id='block_1_1' title="bbox 308 290 1053 361">
    <p class='ocr_par' dir='ltr' id='par_1_1' title="bbox 308 290 1053 361">
     <span class='ocr_line' id='line_1_1' title="bbox 308 290 1053 361; baseline -0.008 -3"><span class='ocrx_word' id='word_1_1' title='bbox 308 290 350 358; x_wconf 99' lang='grc'>14</span> <span class='ocrx_word' id='word_1_2' title='bbox 605 307 830 357; x_wconf 72' lang='lat' dir='ltr'>nu&#39;rrnscnr</span> <span class='ocrx_word' id='word_1_3' title='bbox 851 306 1053 361; x_wconf 70' lang='lat' dir='ltr'>antioona.</span> 
     </span>
    </p>
   </div>
   <div class='ocr_carea' id='block_1_2' title="bbox 301 452 1364 2359">
    <p class='ocr_par' dir='ltr' id='par_1_2' title="bbox 301 452 1362 723">
     <span class='ocr_line' id='line_1_2' title="bbox 302 452 1362 545; baseline -0.007 -22"><span class='ocrx_word' id='word_1_4' title='bbox 302 480 574 545; x_wconf 82' lang='lat' dir='ltr'>cognosceremus.</span> <span class='ocrx_word' id='word_1_5' title='bbox 623 456 718 520; x_wconf 89' lang='lat' dir='ltr'>Nunc</span> <span class='ocrx_word' id='word_1_6' title='bbox 734 477 772 520; x_wconf 86' lang='lat' dir='ltr'>cx</span> <span class='ocrx_word' id='word_1_7' title='bbox 789 456 839 532; x_wconf 90' lang='lat' dir='ltr'>iis,</span> <span class='ocrx_word' id='word_1_8' title='bbox 855 478 929 541; x_wconf 87' lang='lat' dir='ltr'>quae</span> <span class='ocrx_word' id='word_1_9' title='bbox 946 455 979 517; x_wconf 90' lang='lat' dir='ltr'>in</span> <span class='ocrx_word' id='word_1_10' title='bbox 995 464 1136 517; x_wconf 87' lang='lat' dir='ltr'>veterum</span> <span class='ocrx_word' id='word_1_11' title='bbox 1152 452 1243 516; x_wconf 88' lang='lat' dir='ltr'>libris</span> <span class='ocrx_word' id='word_1_12' title='bbox 1257 452 1362 516; x_wconf 87' lang='lat' dir='ltr'>obiter</span> 
     </span>
     <span class='ocr_line' id='line_1_3' title="bbox 301 555 1362 642; baseline -0.006 -18"><span class='ocrx_word' id='word_1_13' title='bbox 301 560 342 624; x_wconf 90' lang='lat' dir='ltr'>de</span> <span class='ocrx_word' id='word_1_14' title='bbox 357 582 394 623; x_wconf 92' lang='lat' dir='ltr'>eo</span> <span class='ocrx_word' id='word_1_15' title='bbox 406 559 493 623; x_wconf 88' lang='lat' dir='ltr'>dicta</span> <span class='ocrx_word' id='word_1_16' title='bbox 506 567 689 634; x_wconf 88' lang='lat' dir='ltr'>occurrant,</span> <span class='ocrx_word' id='word_1_17' title='bbox 704 565 812 620; x_wconf 89' lang='lat' dir='ltr'>nostra</span> <span class='ocrx_word' id='word_1_18' title='bbox 828 566 932 642; x_wconf 84' lang='lat' dir='ltr'>petere</span> <span class='ocrx_word' id='word_1_19' title='bbox 944 566 977 619; x_wconf 90' lang='lat' dir='ltr'>et</span> <span class='ocrx_word' id='word_1_20' title='bbox 990 564 1155 641; x_wconf 90' lang='lat' dir='ltr'>utcunque</span> <span class='ocrx_word' id='word_1_21' title='bbox 1166 555 1362 618; x_wconf 87' lang='lat' dir='ltr'>concinnare</span> 
     </span>
     <span class='ocr_line' id='line_1_4' title="bbox 301 659 465 723; baseline -0.006 -1"><span class='ocrx_word' id='word_1_22' title='bbox 301 659 465 723; x_wconf 88' lang='lat' dir='ltr'>debemus.</span> 
     </span>
    </p>

    <p class='ocr_par' dir='ltr' id='par_1_3' title="bbox 302 756 1364 2359">
     <span class='ocr_line' id='line_1_5' title="bbox 346 756 1359 846; baseline -0.005 -24"><span class='ocrx_word' id='word_1_23' title='bbox 346 759 440 823; x_wconf 86' lang='lat' dir='ltr'>AEtas</span> <span class='ocrx_word' id='word_1_24' title='bbox 455 759 526 846; x_wconf 88' lang='lat' dir='ltr'>ejus</span> <span class='ocrx_word' id='word_1_25' title='bbox 541 759 620 822; x_wconf 89' lang='lat' dir='ltr'>satis</span> <span class='ocrx_word' id='word_1_26' title='bbox 640 769 727 823; x_wconf 89' lang='lat' dir='ltr'>certa</span> <span class='ocrx_word' id='word_1_27' title='bbox 745 758 887 845; x_wconf 90' lang='lat' dir='ltr'>plurium</span> <span class='ocrx_word' id='word_1_28' title='bbox 907 768 1072 822; x_wconf 89' lang='lat' dir='ltr'>auctorum</span> <span class='ocrx_word' id='word_1_29' title='bbox 1094 756 1277 820; x_wconf 91' lang='lat' dir='ltr'>testimonio</span> <span class='ocrx_word' id='word_1_30' title='bbox 1298 765 1359 819; x_wconf 86' lang='lat' dir='ltr'>est.</span> 
     </span>
     <span class='ocr_line' id='line_1_6' title="bbox 303 857 1360 948; baseline -0.002 -25"><span class='ocrx_word' id='word_1_31' title='bbox 303 859 386 923; x_wconf 90' lang='lat' dir='ltr'>Nam</span> <span class='ocrx_word' id='word_1_32' title='bbox 408 862 544 948; x_wconf 90' lang='lat' dir='ltr'>primum</span> <span class='ocrx_word' id='word_1_33' title='bbox 568 860 731 924; x_wconf 89' lang='lat' dir='ltr'>Diodorus</span> <span class='ocrx_word' id='word_1_34' title='bbox 751 860 827 937; x_wconf 79' lang='lat' dir='ltr'>Sic,</span> <span class='ocrx_word' id='word_1_35' title='bbox 843 861 900 947; x_wconf 92' lang='lat' dir='ltr'>qui</span> <span class='ocrx_word' id='word_1_36' title='bbox 921 860 1042 946; x_wconf 78' lang='lat' dir='ltr'>alioqui</span> <span class='ocrx_word' id='word_1_37' title='bbox 1066 859 1168 922; x_wconf 90' lang='lat' dir='ltr'>rarius</span> <span class='ocrx_word' id='word_1_38' title='bbox 1188 857 1360 922; x_wconf 88' lang='lat' dir='ltr'>doctorum</span> 
     </span>
     <span class='ocr_line' id='line_1_7' title="bbox 302 960 1361 1048; baseline -0.001 -25"><span class='ocrx_word' id='word_1_39' title='bbox 302 961 441 1026; x_wconf 88' lang='lat' dir='ltr'>virorum</span> <span class='ocrx_word' id='word_1_40' title='bbox 466 972 607 1048; x_wconf 86' lang='lat' dir='ltr'>tempora</span> <span class='ocrx_word' id='word_1_41' title='bbox 625 972 777 1025; x_wconf 85' lang='lat' dir='ltr'>annotare</span> <span class='ocrx_word' id='word_1_42' title='bbox 798 962 891 1039; x_wconf 90' lang='lat' dir='ltr'>solet,</span> <span class='ocrx_word' id='word_1_43' title='bbox 913 982 953 1025; x_wconf 86' lang='lat' dir='ltr'>ex</span> <span class='ocrx_word' id='word_1_44' title='bbox 977 960 1172 1047; x_wconf 82' lang='lat' dir='ltr'>Apollodoro</span> <span class='ocrx_word' id='word_1_45' title='bbox 1193 970 1361 1038; x_wconf 90' lang='lat' dir='ltr'>memorat,</span> 
     </span>
     <span class='ocr_line' id='line_1_8' title="bbox 303 1061 1362 1149; baseline -0.001 -24"><span class='ocrx_word' id='word_1_46' title='bbox 303 1063 389 1127; x_wconf 90' lang='lat' dir='ltr'>hunc</span> <span class='ocrx_word' id='word_1_47' title='bbox 400 1065 461 1129; x_wconf 89' lang='lat' dir='ltr'>sub</span> <span class='ocrx_word' id='word_1_48' title='bbox 473 1064 547 1128; x_wconf 89' lang='lat' dir='ltr'>belli</span> <span class='ocrx_word' id='word_1_49' title='bbox 561 1062 824 1149; x_wconf 81' lang='lat' dir='ltr'>Peloponnesiaci</span> <span class='ocrx_word' id='word_1_50' title='bbox 837 1063 961 1126; x_wconf 87' lang='lat' dir='ltr'>exitum</span> <span class='ocrx_word' id='word_1_51' title='bbox 974 1074 1150 1140; x_wconf 82' lang='lat' dir='ltr'>alannum,</span> <span class='ocrx_word' id='word_1_52' title='bbox 1164 1083 1230 1147; x_wconf 94' lang='lat' dir='ltr'>quo</span> <span class='ocrx_word' id='word_1_53' title='bbox 1243 1061 1362 1124; x_wconf 86' lang='lat' dir='ltr'>Artax·</span> 
     </span>
     <span class='ocr_line' id='line_1_9' title="bbox 304 1163 1360 1250; baseline 0 -24"><span class='ocrx_word' id='word_1_54' title='bbox 304 1186 397 1227; x_wconf 84' lang='lat' dir='ltr'>arxes</span> <span class='ocrx_word' id='word_1_55' title='bbox 421 1164 575 1227; x_wconf 88' lang='lat' dir='ltr'>Mnemon</span> <span class='ocrx_word' id='word_1_56' title='bbox 599 1163 698 1228; x_wconf 91' lang='lat' dir='ltr'>Dario</span> <span class='ocrx_word' id='word_1_57' title='bbox 722 1164 802 1250; x_wconf 88' lang='lat' dir='ltr'>patri</span> <span class='ocrx_word' id='word_1_58' title='bbox 823 1164 990 1241; x_wconf 81' lang='lat' dir='ltr'>successit,</span> <span class='ocrx_word' id='word_1_59' title='bbox 1012 1163 1150 1227; x_wconf 88' lang='lat' dir='ltr'>nominis</span> <span class='ocrx_word' id='word_1_60' title='bbox 1172 1163 1360 1226; x_wconf 80' lang='lat' dir='ltr'>celebritate</span> 
     </span>
     <span class='ocr_line' id='line_1_10' title="bbox 303 1261 1360 1349; baseline -0.001 -24"><span class='ocrx_word' id='word_1_61' title='bbox 303 1263 482 1327; x_wconf 80' lang='lat' dir='ltr'>floruisse*</span> <span class='ocrx_word' id='word_1_62' title='bbox 532 1263 614 1326; x_wconf 85' lang='lat' dir='ltr'>Tum</span> <span class='ocrx_word' id='word_1_63' title='bbox 642 1264 713 1328; x_wconf 86' lang='lat' dir='ltr'>aliae</span> <span class='ocrx_word' id='word_1_64' title='bbox 739 1265 933 1329; x_wconf 79' lang='lat' dir='ltr'>narrationes</span> <span class='ocrx_word' id='word_1_65' title='bbox 961 1264 1021 1328; x_wconf 94' lang='lat' dir='ltr'>hoc</span> <span class='ocrx_word' id='word_1_66' title='bbox 1044 1265 1245 1340; x_wconf 84' lang='lat' dir='ltr'>confirmant,</span> <span class='ocrx_word' id='word_1_67' title='bbox 1272 1261 1360 1349; x_wconf 89' lang='lat' dir='ltr'>apud</span> 
     </span>
     <span class='ocr_line' id='line_1_11' title="bbox 303 1363 1361 1454; baseline 0 -27"><span class='ocrx_word' id='word_1_68' title='bbox 303 1363 502 1442; x_wconf 85' lang='lat' dir='ltr'>Ciceronem,</span> <span class='ocrx_word' id='word_1_69' title='bbox 518 1364 762 1441; x_wconf 85' lang='lat' dir='ltr'>Plutarchum†</span> <span class='ocrx_word' id='word_1_70' title='bbox 778 1367 921 1454; x_wconf 87' lang='lat' dir='ltr'>aliosque</span> <span class='ocrx_word' id='word_1_71' title='bbox 936 1366 1049 1443; x_wconf 88' lang='lat' dir='ltr'>obviae,</span> <span class='ocrx_word' id='word_1_72' title='bbox 1065 1388 1139 1452; x_wconf 80' lang='lat' dir='ltr'>qnae</span> <span class='ocrx_word' id='word_1_73' title='bbox 1156 1364 1361 1450; x_wconf 83' lang='lat' dir='ltr'>Lysandrum</span> 
     </span>
     <span class='ocr_line' id='line_1_12' title="bbox 303 1464 1364 1553; baseline 0.001 -25"><span class='ocrx_word' id='word_1_74' title='bbox 303 1464 524 1551; x_wconf 82' lang='lat' dir='ltr'>imperatorem</span> <span class='ocrx_word' id='word_1_75' title='bbox 547 1476 580 1530; x_wconf 90' lang='lat' dir='ltr'>et</span> <span class='ocrx_word' id='word_1_76' title='bbox 607 1466 774 1530; x_wconf 87' lang='lat' dir='ltr'>Platonem</span> <span class='ocrx_word' id='word_1_77' title='bbox 800 1467 1027 1553; x_wconf 89' lang='lat' dir='ltr'>philosophum</span> <span class='ocrx_word' id='word_1_78' title='bbox 1052 1468 1123 1552; x_wconf 90' lang='lat' dir='ltr'>ejus</span> <span class='ocrx_word' id='word_1_79' title='bbox 1146 1467 1287 1552; x_wconf 85' lang='lat' dir='ltr'>aequales</span> <span class='ocrx_word' id='word_1_80' title='bbox 1314 1466 1364 1529; x_wconf 91' lang='lat' dir='ltr'>fa·</span> 
     </span>
     <span class='ocr_line' id='line_1_13' title="bbox 303 1566 1362 1654; baseline 0.002 -25"><span class='ocrx_word' id='word_1_81' title='bbox 303 1566 403 1629; x_wconf 88' lang='lat' dir='ltr'>ciunt.</span> <span class='ocrx_word' id='word_1_82' title='bbox 448 1567 584 1631; x_wconf 86' lang='lat' dir='ltr'>Accedit</span> <span class='ocrx_word' id='word_1_83' title='bbox 604 1567 654 1631; x_wconf 92' lang='lat' dir='ltr'>his</span> <span class='ocrx_word' id='word_1_84' title='bbox 676 1567 793 1632; x_wconf 87' lang='lat' dir='ltr'>Suidas</span> <span class='ocrx_word' id='word_1_85' title='bbox 813 1567 1110 1654; x_wconf 76' lang='lat' dir='ltr'>Lexicographus,‡</span> <span class='ocrx_word' id='word_1_86' title='bbox 1123 1568 1219 1653; x_wconf 89' lang='lat' dir='ltr'>cujus</span> <span class='ocrx_word' id='word_1_87' title='bbox 1234 1567 1362 1645; x_wconf 89' lang='lat' dir='ltr'>notitia,</span> 
     </span>
     <span class='ocr_line' id='line_1_14' title="bbox 303 1666 1363 1754; baseline -0.001 -23"><span class='ocrx_word' id='word_1_88' title='bbox 303 1666 363 1731; x_wconf 86' lang='lat' dir='ltr'>etsi</span> <span class='ocrx_word' id='word_1_89' title='bbox 379 1667 441 1730; x_wconf 88' lang='lat' dir='ltr'>illis</span> <span class='ocrx_word' id='word_1_90' title='bbox 456 1669 647 1732; x_wconf 89' lang='lat' dir='ltr'>anctoritate</span> <span class='ocrx_word' id='word_1_91' title='bbox 664 1668 775 1754; x_wconf 89' lang='lat' dir='ltr'>utique</span> <span class='ocrx_word' id='word_1_92' title='bbox 789 1670 893 1748; x_wconf 88' lang='lat' dir='ltr'>cedat,</span> <span class='ocrx_word' id='word_1_93' title='bbox 908 1669 1091 1734; x_wconf 90' lang='lat' dir='ltr'>melioribus</span> <span class='ocrx_word' id='word_1_94' title='bbox 1105 1689 1191 1732; x_wconf 89' lang='lat' dir='ltr'>nunc</span> <span class='ocrx_word' id='word_1_95' title='bbox 1206 1668 1363 1732; x_wconf 90' lang='lat' dir='ltr'>deficien-</span> 
     </span>
     <span class='ocr_line' id='line_1_15' title="bbox 303 1770 1362 1857; baseline 0.002 -25"><span class='ocrx_word' id='word_1_96' title='bbox 303 1770 403 1848; x_wconf 84' lang='lat' dir='ltr'>tibus,</span> <span class='ocrx_word' id='word_1_97' title='bbox 418 1791 439 1833; x_wconf 90' lang='grc' dir='ltr'>α</span> <span class='ocrx_word' id='word_1_98' title='bbox 453 1770 544 1833; x_wconf 90' lang='lat' dir='ltr'>uobis</span> <span class='ocrx_word' id='word_1_99' title='bbox 559 1770 593 1833; x_wconf 94' lang='lat' dir='ltr'>in</span> <span class='ocrx_word' id='word_1_100' title='bbox 608 1780 715 1857; x_wconf 89' lang='lat' dir='ltr'>partes</span> <span class='ocrx_word' id='word_1_101' title='bbox 731 1771 875 1834; x_wconf 87' lang='lat' dir='ltr'>vocanda</span> <span class='ocrx_word' id='word_1_102' title='bbox 890 1782 948 1834; x_wconf 92' lang='lat' dir='ltr'>est.</span> <span class='ocrx_word' id='word_1_103' title='bbox 995 1770 1042 1833; x_wconf 91' lang='lat' dir='ltr'>lbi</span> <span class='ocrx_word' id='word_1_104' title='bbox 1056 1779 1249 1834; x_wconf 90' lang='lat' dir='ltr'>memoratur</span> <span class='ocrx_word' id='word_1_105' title='bbox 1257 1770 1362 1835; x_wconf 79' lang='lat' dir='ltr'>fuisse</span> 
     </span>
     <span class='ocr_line' id='line_1_16' title="bbox 305 1870 1362 1957; baseline 0.004 -25"><span class='ocrx_word' id='word_1_106' title='bbox 305 1870 471 1957; x_wconf 87' lang='lat' dir='ltr'>Hyparcbi</span> <span class='ocrx_word' id='word_1_107' title='bbox 487 1871 584 1949; x_wconf 85' lang='lat' dir='ltr'>filius,</span> <span class='ocrx_word' id='word_1_108' title='bbox 599 1870 727 1935; x_wconf 87' lang='lat' dir='ltr'>auditor</span> <span class='ocrx_word' id='word_1_109' title='bbox 742 1870 936 1957; x_wconf 88' lang='lat' dir='ltr'>Panyasidis</span> <span class='ocrx_word' id='word_1_110' title='bbox 954 1881 987 1935; x_wconf 91' lang='lat' dir='ltr'>et</span> <span class='ocrx_word' id='word_1_111' title='bbox 1008 1870 1221 1951; x_wconf 88' lang='lat' dir='ltr'>Stcsimbroti,</span> <span class='ocrx_word' id='word_1_112' title='bbox 1237 1882 1270 1935; x_wconf 89' lang='lat' dir='ltr'>et</span> <span class='ocrx_word' id='word_1_113' title='bbox 1285 1883 1362 1936; x_wconf 91' lang='lat' dir='ltr'>aute</span> 
     </span>
     <span class='ocr_line' id='line_1_17' title="bbox 305 1971 1362 2058; baseline 0.004 -25"><span class='ocrx_word' id='word_1_114' title='bbox 305 1971 473 2035; x_wconf 91' lang='lat' dir='ltr'>Platonem</span> <span class='ocrx_word' id='word_1_115' title='bbox 498 1972 628 2050; x_wconf 86' lang='lat' dir='ltr'>vixisse,</span> <span class='ocrx_word' id='word_1_116' title='bbox 646 1994 703 2035; x_wconf 93' lang='lat' dir='ltr'>seu</span> <span class='ocrx_word' id='word_1_117' title='bbox 721 1973 829 2057; x_wconf 87' lang='lat' dir='ltr'>potius</span> <span class='ocrx_word' id='word_1_118' title='bbox 855 1984 951 2036; x_wconf 89' lang='lat' dir='ltr'>uatus</span> <span class='ocrx_word' id='word_1_119' title='bbox 973 1995 1052 2037; x_wconf 90' lang='lat' dir='ltr'>esse.</span> <span class='ocrx_word' id='word_1_120' title='bbox 1106 1972 1177 2036; x_wconf 88' lang='lat' dir='ltr'>Hoc</span> <span class='ocrx_word' id='word_1_121' title='bbox 1201 1973 1362 2058; x_wconf 86' lang='lat' dir='ltr'>posterius</span> 
     </span>
     <span class='ocr_line' id='line_1_18' title="bbox 303 2070 1362 2161; baseline 0.004 -26"><span class='ocrx_word' id='word_1_122' title='bbox 303 2072 388 2135; x_wconf 90' lang='lat' dir='ltr'>enim</span> <span class='ocrx_word' id='word_1_123' title='bbox 409 2073 435 2134; x_wconf 93' lang='lat' dir='ltr'>si</span> <span class='ocrx_word' id='word_1_124' title='bbox 452 2072 484 2134; x_wconf 89' lang='lat' dir='ltr'>in</span> <span class='ocrx_word' id='word_1_125' title='bbox 500 2070 600 2134; x_wconf 87' lang='lat' dir='ltr'>Suida</span> <span class='ocrx_word' id='word_1_126' title='bbox 616 2094 791 2151; x_wconf 88' lang='lat' dir='ltr'>sumamus,</span> <span class='ocrx_word' id='word_1_127' title='bbox 812 2073 941 2137; x_wconf 90' lang='lat' dir='ltr'>omniuo</span> <span class='ocrx_word' id='word_1_128' title='bbox 962 2073 1027 2151; x_wconf 88' lang='lat' dir='ltr'>hic,</span> <span class='ocrx_word' id='word_1_129' title='bbox 1042 2074 1131 2161; x_wconf 91' lang='lat' dir='ltr'>quod</span> <span class='ocrx_word' id='word_1_130' title='bbox 1142 2074 1212 2158; x_wconf 90' lang='lat' dir='ltr'>jam</span> <span class='ocrx_word' id='word_1_131' title='bbox 1234 2075 1362 2139; x_wconf 88' lang='lat' dir='ltr'>monuit</span> 
     </span>
     <span class='ocr_line' id='line_1_19' title="bbox 305 2171 1361 2259; baseline 0.006 -26"><span class='ocrx_word' id='word_1_132' title='bbox 305 2171 477 2248; x_wconf 86' lang='lat' dir='ltr'>Kiisterus,</span> <span class='ocrx_word' id='word_1_133' title='bbox 488 2193 561 2234; x_wconf 91' lang='lat' dir='ltr'>cum</span> <span class='ocrx_word' id='word_1_134' title='bbox 574 2172 704 2258; x_wconf 88' lang='lat' dir='ltr'>reliquis</span> <span class='ocrx_word' id='word_1_135' title='bbox 717 2173 936 2259; x_wconf 87' lang='lat' dir='ltr'>scriptoribus,</span> <span class='ocrx_word' id='word_1_136' title='bbox 945 2174 1137 2238; x_wconf 89' lang='lat' dir='ltr'>nominatim</span> <span class='ocrx_word' id='word_1_137' title='bbox 1150 2174 1361 2259; x_wconf 75' lang='lat' dir='ltr'>Plutarcho,§</span> 
     </span>
     <span class='ocr_line' id='line_1_20' title="bbox 304 2268 1360 2359; baseline 0.007 -30"><span class='ocrx_word' id='word_1_138' title='bbox 304 2268 336 2329; x_wconf 92' lang='lat' dir='ltr'>in</span> <span class='ocrx_word' id='word_1_139' title='bbox 353 2268 554 2331; x_wconf 89' lang='lat' dir='ltr'>concordiam</span> <span class='ocrx_word' id='word_1_140' title='bbox 568 2269 660 2348; x_wconf 90' lang='lat' dir='ltr'>redit,</span> <span class='ocrx_word' id='word_1_141' title='bbox 672 2271 794 2357; x_wconf 92' lang='lat' dir='ltr'>quippe</span> <span class='ocrx_word' id='word_1_142' title='bbox 805 2272 862 2357; x_wconf 93' lang='lat' dir='ltr'>qui</span> <span class='ocrx_word' id='word_1_143' title='bbox 876 2270 1045 2335; x_wconf 90' lang='lat' dir='ltr'>Platonem</span> <span class='ocrx_word' id='word_1_144' title='bbox 1059 2273 1215 2359; x_wconf 78' lang='lat' dir='ltr'>aequalem</span> <span class='ocrx_word' id='word_1_145' title='bbox 1226 2273 1360 2359; x_wconf 91' lang='lat' dir='ltr'>quidem</span> 
     </span>
    </p>
   </div>
   <div class='ocr_carea' id='block_1_3' title="bbox 304 2541 1362 4081">
    <p class='ocr_par' dir='ltr' id='par_1_4' title="bbox 304 2541 1362 3356">
     <span class='ocr_line' id='line_1_21' title="bbox 345 2541 1359 2626; baseline 0.013 -27"><span class='ocrx_word' id='word_1_146' title='bbox 345 2544 361 2576; x_wconf 76' lang='grc'>’</span> <span class='ocrx_word' id='word_1_147' title='bbox 384 2541 472 2601; x_wconf 92' lang='lat' dir='ltr'>Diod.</span> <span class='ocrx_word' id='word_1_148' title='bbox 489 2544 547 2602; x_wconf 89' lang='lat' dir='ltr'>Sic.</span> <span class='ocrx_word' id='word_1_149' title='bbox 565 2545 651 2603; x_wconf 92' lang='lat' dir='ltr'>Xlll.</span> <span class='ocrx_word' id='word_1_150' title='bbox 671 2548 737 2604; x_wconf 89' lang='lat'>108.</span> <span class='ocrx_word' id='word_1_151' title='bbox 750 2545 816 2604; x_wconf 90' lang='lat' dir='ltr'>belli</span> <span class='ocrx_word' id='word_1_152' title='bbox 832 2547 1072 2626; x_wconf 88' lang='lat' dir='ltr'>Peloponnesiaci</span> <span class='ocrx_word' id='word_1_153' title='bbox 1087 2549 1203 2610; x_wconf 89' lang='lat' dir='ltr'>historia</span> <span class='ocrx_word' id='word_1_154' title='bbox 1217 2552 1254 2610; x_wconf 90' lang='lat' dir='ltr'>ad</span> <span class='ocrx_word' id='word_1_155' title='bbox 1271 2553 1359 2612; x_wconf 91' lang='lat' dir='ltr'>finem</span> 
     </span>
     <span class='ocr_line' id='line_1_22' title="bbox 305 2633 1361 2725; baseline 0.015 -35"><span class='ocrx_word' id='word_1_156' title='bbox 305 2633 455 2711; x_wconf 80' lang='lat' dir='ltr'>perducta,</span> <span class='ocrx_word' id='word_1_157' title='bbox 468 2635 577 2713; x_wconf 73' lang='lat' dir='ltr'>pergil:</span> <span class='ocrx_word' id='word_1_158' title='bbox 601 2639 709 2716; x_wconf 78' lang='grc' dir='ltr'>Μικρὸν</span> <span class='ocrx_word' id='word_1_159' title='bbox 720 2638 748 2697; x_wconf 71' lang='grc' dir='ltr'>δέ</span> <span class='ocrx_word' id='word_1_160' title='bbox 764 2651 813 2710; x_wconf 88' lang='grc' dir='ltr'>τῆς</span> <span class='ocrx_word' id='word_1_161' title='bbox 827 2644 937 2717; x_wconf 77' lang='grc' dir='ltr'><strong><em>εἰρήνης</em></strong></span> <span class='ocrx_word' id='word_1_162' title='bbox 947 2640 1060 2718; x_wconf 73' lang='grc' dir='ltr'>ὕστερον</span> <span class='ocrx_word' id='word_1_163' title='bbox 1074 2644 1231 2716; x_wconf 72' lang='grc' dir='ltr'>ἐτελεύτησε</span> <span class='ocrx_word' id='word_1_164' title='bbox 1241 2652 1361 2725; x_wconf 82' lang='grc' dir='ltr'>Δαρεῖος</span> 
     </span>
     <span class='ocr_line' id='line_1_23' title="bbox 304 2726 1362 2812; baseline 0.014 -29"><span class='ocrx_word' id='word_1_165' title='bbox 304 2728 320 2784; x_wconf 83' lang='grc' dir='ltr'>ὁ</span> <span class='ocrx_word' id='word_1_166' title='bbox 333 2737 383 2795; x_wconf 86' lang='grc' dir='ltr'>τῆς</span> <span class='ocrx_word' id='word_1_167' title='bbox 395 2726 496 2794; x_wconf 79' lang='grc' dir='ltr'>Ἀσίας</span> <span class='ocrx_word' id='word_1_168' title='bbox 506 2727 655 2802; x_wconf 68' lang='grc' dir='ltr'>βασιλεῦς,</span> <span class='ocrx_word' id='word_1_169' title='bbox 674 2733 760 2808; x_wconf 76' lang='grc' dir='ltr'>ἄρξας</span> <span class='ocrx_word' id='word_1_170' title='bbox 778 2729 825 2802; x_wconf 79' lang='grc' dir='ltr'>έτη</span> <span class='ocrx_word' id='word_1_171' title='bbox 837 2731 992 2791; x_wconf 81' lang='grc' dir='ltr'>δεκαεννέα·</span> <span class='ocrx_word' id='word_1_172' title='bbox 1012 2737 1064 2803; x_wconf 77' lang='grc' dir='ltr'>τὴν</span> <span class='ocrx_word' id='word_1_173' title='bbox 1080 2733 1102 2791; x_wconf 80' lang='grc' dir='ltr'>δ’</span> <span class='ocrx_word' id='word_1_174' title='bbox 1115 2738 1269 2812; x_wconf 78' lang='grc' dir='ltr'>ἡγεμονίαν</span> <span class='ocrx_word' id='word_1_175' title='bbox 1278 2739 1362 2800; x_wconf 79' lang='grc' dir='ltr'>διεδέ-</span> 
     </span>
     <span class='ocr_line' id='line_1_24' title="bbox 304 2819 1361 2910; baseline 0.016 -37"><span class='ocrx_word' id='word_1_176' title='bbox 304 2819 369 2883; x_wconf 81' lang='grc' dir='ltr'>ξατο</span> <span class='ocrx_word' id='word_1_177' title='bbox 383 2828 438 2876; x_wconf 89' lang='grc' dir='ltr'>τῶν</span> <span class='ocrx_word' id='word_1_178' title='bbox 453 2821 521 2878; x_wconf 78' lang='grc' dir='ltr'>υἱῶν</span> <span class='ocrx_word' id='word_1_179' title='bbox 538 2822 553 2878; x_wconf 87' lang='grc' dir='ltr'><em>ὃ</em></span> <span class='ocrx_word' id='word_1_180' title='bbox 573 2819 768 2897; x_wconf 71' lang='grc' dir='ltr'>πρεοβῧτατος</span> <span class='ocrx_word' id='word_1_181' title='bbox 787 2820 976 2901; x_wconf 75' lang='grc' dir='ltr'>Ἀρταξέρξης,</span> <span class='ocrx_word' id='word_1_182' title='bbox 993 2829 1038 2882; x_wconf 82' lang='grc' dir='ltr'>καὶ</span> <span class='ocrx_word' id='word_1_183' title='bbox 1056 2823 1136 2902; x_wconf 77' lang='grc' dir='ltr'>ἦρξεν</span> <span class='ocrx_word' id='word_1_184' title='bbox 1149 2825 1197 2898; x_wconf 75' lang='grc' dir='ltr'>ἔτη</span> <span class='ocrx_word' id='word_1_185' title='bbox 1213 2836 1277 2908; x_wconf 87' lang='grc' dir='ltr'>τριά</span> <span class='ocrx_word' id='word_1_186' title='bbox 1290 2832 1361 2910; x_wconf 76' lang='grc' dir='ltr'>πρὸς</span> 
     </span>
     <span class='ocr_line' id='line_1_25' title="bbox 305 2910 1362 2996; baseline 0.018 -32"><span class='ocrx_word' id='word_1_187' title='bbox 305 2916 363 2974; x_wconf 81' lang='grc' dir='ltr'>τοῖς</span> <span class='ocrx_word' id='word_1_188' title='bbox 381 2912 595 2987; x_wconf 81' lang='grc' dir='ltr'>τεσσαράκοντα·</span> <span class='ocrx_word' id='word_1_189' title='bbox 617 2910 679 2969; x_wconf 66' lang='grc' dir='ltr'>καθ’</span> <span class='ocrx_word' id='word_1_190' title='bbox 699 2912 732 2969; x_wconf 89' lang='grc' dir='ltr'>ὃν</span> <span class='ocrx_word' id='word_1_191' title='bbox 752 2912 785 2982; x_wconf 83' lang='grc' dir='ltr'>δὴ</span> <span class='ocrx_word' id='word_1_192' title='bbox 802 2917 908 2991; x_wconf 79' lang='grc' dir='ltr'>χρόνον</span> <span class='ocrx_word' id='word_1_193' title='bbox 930 2919 974 2974; x_wconf 92' lang='grc' dir='ltr'>κα1</span> <span class='ocrx_word' id='word_1_194' title='bbox 983 2915 1158 2996; x_wconf 81' lang='grc' dir='ltr'>Ἀντίμαχον</span> <span class='ocrx_word' id='word_1_195' title='bbox 1178 2919 1227 2980; x_wconf 83' lang='grc' dir='ltr'>τόν</span> <span class='ocrx_word' id='word_1_196' title='bbox 1243 2928 1362 2994; x_wconf 71' lang='grc' dir='ltr'>ποιητὴν</span> 
     </span>
     <span class='ocr_line' id='line_1_26' title="bbox 304 2997 1359 3084; baseline 0.019 -31"><span class='ocrx_word' id='word_1_197' title='bbox 304 2997 517 3076; x_wconf 81' lang='grc' dir='ltr'>Ἀπολλόδωρος</span> <span class='ocrx_word' id='word_1_198' title='bbox 531 3004 546 3059; x_wconf 86' lang='grc' dir='ltr'><strong><em>ὁ</em></strong></span> <span class='ocrx_word' id='word_1_199' title='bbox 560 2999 715 3072; x_wconf 60' lang='grc' dir='ltr'>Ἀθηναῖός</span> <span class='ocrx_word' id='word_1_200' title='bbox 728 3016 813 3081; x_wconf 83' lang='grc' dir='ltr'>φησιν</span> <span class='ocrx_word' id='word_1_201' title='bbox 832 3004 995 3077; x_wconf 62' lang='grc' dir='ltr'>ἠνὲηκέναι.</span> <span class='ocrx_word' id='word_1_202' title='bbox 1038 3007 1206 3084; x_wconf 82' lang='lat' dir='ltr'>Apollodori</span> <span class='ocrx_word' id='word_1_203' title='bbox 1225 3011 1307 3072; x_wconf 87' lang='lat' dir='ltr'>locus</span> <span class='ocrx_word' id='word_1_204' title='bbox 1330 3015 1359 3072; x_wconf 87' lang='lat' dir='ltr'>in</span> 
     </span>
     <span class='ocr_line' id='line_1_27' title="bbox 305 3088 1358 3182; baseline 0.02 -39"><span class='ocrx_word' id='word_1_205' title='bbox 305 3105 391 3164; x_wconf 90' lang='lat' dir='ltr'>opere</span> <span class='ocrx_word' id='word_1_206' title='bbox 414 3088 624 3148; x_wconf 89' lang='lat' dir='ltr'>Chronicorum</span> <span class='ocrx_word' id='word_1_207' title='bbox 649 3091 715 3163; x_wconf 84' lang='lat' dir='ltr'>fuit,</span> <span class='ocrx_word' id='word_1_208' title='bbox 745 3093 782 3152; x_wconf 94' lang='lat' dir='ltr'>de</span> <span class='ocrx_word' id='word_1_209' title='bbox 810 3114 870 3173; x_wconf 92' lang='lat' dir='ltr'>quo</span> <span class='ocrx_word' id='word_1_210' title='bbox 897 3115 925 3155; x_wconf 85' lang='grc' dir='ltr'>τ.</span> <span class='ocrx_word' id='word_1_211' title='bbox 956 3096 1002 3155; x_wconf 90' lang='grc'><strong>111.</strong></span> <span class='ocrx_word' id='word_1_212' title='bbox 1033 3098 1137 3177; x_wconf 90' lang='lat' dir='ltr'>Heyue</span> <span class='ocrx_word' id='word_1_213' title='bbox 1159 3102 1197 3159; x_wconf 90' lang='lat' dir='ltr'>ad</span> <span class='ocrx_word' id='word_1_214' title='bbox 1222 3104 1358 3182; x_wconf 87' lang='lat' dir='ltr'>Apollod.</span> 
     </span>
     <span class='ocr_line' id='line_1_28' title="bbox 306 3178 1359 3276; baseline 0.021 -42"><span class='ocrx_word' id='word_1_215' title='bbox 306 3178 421 3255; x_wconf 85' lang='lat' dir='ltr'>Fragm.</span> <span class='ocrx_word' id='word_1_216' title='bbox 444 3199 474 3256; x_wconf 88' lang='lat' dir='ltr'>p.</span> <span class='ocrx_word' id='word_1_217' title='bbox 494 3183 581 3240; x_wconf 89' lang='grc'><strong>1089.</strong></span> <span class='ocrx_word' id='word_1_218' title='bbox 625 3182 699 3242; x_wconf 89' lang='lat' dir='ltr'>Belli</span> <span class='ocrx_word' id='word_1_219' title='bbox 716 3184 781 3243; x_wconf 88' lang='lat' dir='ltr'>finis</span> <span class='ocrx_word' id='word_1_220' title='bbox 802 3197 831 3245; x_wconf 86' lang='lat' dir='ltr'>et</span> <span class='ocrx_word' id='word_1_221' title='bbox 851 3187 1018 3247; x_wconf 85' lang='lat' dir='ltr'>Artaxerxis</span> <span class='ocrx_word' id='word_1_222' title='bbox 1038 3190 1066 3247; x_wconf 94' lang='lat' dir='ltr'>in</span> <span class='ocrx_word' id='word_1_223' title='bbox 1091 3192 1244 3253; x_wconf 88' lang='lat' dir='ltr'>Persarum</span> <span class='ocrx_word' id='word_1_224' title='bbox 1269 3216 1359 3276; x_wconf 89' lang='lat' dir='ltr'>reguo</span> 
     </span>
     <span class='ocr_line' id='line_1_29' title="bbox 305 3269 1255 3356; baseline 0.022 -31"><span class='ocrx_word' id='word_1_225' title='bbox 305 3269 450 3328; x_wconf 90' lang='lat' dir='ltr'>successio</span> <span class='ocrx_word' id='word_1_226' title='bbox 465 3271 598 3332; x_wconf 90' lang='lat' dir='ltr'>incidunt</span> <span class='ocrx_word' id='word_1_227' title='bbox 613 3275 640 3331; x_wconf 91' lang='lat' dir='ltr'>in</span> <span class='ocrx_word' id='word_1_228' title='bbox 657 3294 766 3335; x_wconf 90' lang='lat' dir='ltr'>annum</span> <span class='ocrx_word' id='word_1_229' title='bbox 777 3288 912 3356; x_wconf 90' lang='lat' dir='ltr'>quartum</span> <span class='ocrx_word' id='word_1_230' title='bbox 928 3279 976 3338; x_wconf 93' lang='lat' dir='ltr'>Ol.</span> <span class='ocrx_word' id='word_1_231' title='bbox 991 3283 1041 3340; x_wconf 83' lang='lat'>93.</span> <span class='ocrx_word' id='word_1_232' title='bbox 1058 3284 1096 3342; x_wconf 89' lang='lat' dir='ltr'>A.</span> <span class='ocrx_word' id='word_1_233' title='bbox 1112 3284 1169 3342; x_wconf 90' lang='lat' dir='ltr'>Cb.</span> <span class='ocrx_word' id='word_1_234' title='bbox 1184 3289 1255 3346; x_wconf 81' lang='lat'>405.</span> 
     </span>
    </p>

    <p class='ocr_par' dir='ltr' id='par_1_5' title="bbox 304 3360 1359 3635">
     <span class='ocr_line' id='line_1_30' title="bbox 345 3360 1359 3444; baseline 0.024 -29"><span class='ocrx_word' id='word_1_235' title='bbox 345 3370 364 3430; x_wconf 83' lang='lat'>†</span> <span class='ocrx_word' id='word_1_236' title='bbox 389 3360 445 3418; x_wconf 89' lang='lat' dir='ltr'>Vit.</span> <span class='ocrx_word' id='word_1_237' title='bbox 463 3361 602 3440; x_wconf 84' lang='lat' dir='ltr'>Lysandri</span> <span class='ocrx_word' id='word_1_238' title='bbox 615 3387 645 3444; x_wconf 95' lang='lat' dir='ltr'>p.</span> <span class='ocrx_word' id='word_1_239' title='bbox 664 3370 734 3425; x_wconf 90' lang='grc'><strong>443.</strong></span> <span class='ocrx_word' id='word_1_240' title='bbox 750 3369 786 3427; x_wconf 88' lang='lat' dir='ltr'>C.</span> <span class='ocrx_word' id='word_1_241' title='bbox 802 3369 848 3428; x_wconf 91' lang='lat' dir='ltr'>ed.</span> <span class='ocrx_word' id='word_1_242' title='bbox 864 3371 961 3429; x_wconf 90' lang='lat' dir='ltr'>Frcof.</span> <span class='ocrx_word' id='word_1_243' title='bbox 1003 3373 1099 3433; x_wconf 85' lang='lat' dir='ltr'>Verba</span> <span class='ocrx_word' id='word_1_244' title='bbox 1114 3395 1180 3434; x_wconf 82' lang='lat' dir='ltr'>mox</span> <span class='ocrx_word' id='word_1_245' title='bbox 1195 3383 1359 3441; x_wconf 88' lang='lat' dir='ltr'>accuratius</span> 
     </span>
     <span class='ocr_line' id='line_1_31' title="bbox 305 3451 1358 3544; baseline 0.024 -36"><span class='ocrx_word' id='word_1_246' title='bbox 305 3470 382 3510; x_wconf 88' lang='lat' dir='ltr'>ame</span> <span class='ocrx_word' id='word_1_247' title='bbox 400 3451 592 3514; x_wconf 80' lang='lat' dir='ltr'>adducentur.</span> <span class='ocrx_word' id='word_1_248' title='bbox 635 3459 680 3516; x_wconf 82' lang='lat' dir='ltr'>lta</span> <span class='ocrx_word' id='word_1_249' title='bbox 700 3458 771 3518; x_wconf 89' lang='lat' dir='ltr'>alios</span> <span class='ocrx_word' id='word_1_250' title='bbox 789 3480 906 3539; x_wconf 91' lang='lat' dir='ltr'>quoque</span> <span class='ocrx_word' id='word_1_251' title='bbox 929 3463 1009 3522; x_wconf 88' lang='lat' dir='ltr'>locos</span> <span class='ocrx_word' id='word_1_252' title='bbox 1029 3465 1077 3524; x_wconf 91' lang='lat' dir='ltr'>bic</span> <span class='ocrx_word' id='word_1_253' title='bbox 1095 3478 1207 3527; x_wconf 89' lang='lat' dir='ltr'>tantum</span> <span class='ocrx_word' id='word_1_254' title='bbox 1228 3471 1358 3544; x_wconf 90' lang='lat' dir='ltr'>innuere,</span> 
     </span>
     <span class='ocr_line' id='line_1_32' title="bbox 304 3543 1180 3635; baseline 0.023 -37"><span class='ocrx_word' id='word_1_255' title='bbox 304 3543 425 3618; x_wconf 90' lang='lat' dir='ltr'>posthac</span> <span class='ocrx_word' id='word_1_256' title='bbox 439 3543 607 3622; x_wconf 82' lang='lat' dir='ltr'>diligentius</span> <span class='ocrx_word' id='word_1_257' title='bbox 622 3549 732 3609; x_wconf 79' lang='lat' dir='ltr'>adferre</span> <span class='ocrx_word' id='word_1_258' title='bbox 746 3551 854 3621; x_wconf 90' lang='lat' dir='ltr'>licebit,</span> <span class='ocrx_word' id='word_1_259' title='bbox 870 3562 903 3611; x_wconf 91' lang='lat' dir='ltr'>ut</span> <span class='ocrx_word' id='word_1_260' title='bbox 915 3554 1023 3614; x_wconf 88' lang='lat' dir='ltr'>chartis</span> <span class='ocrx_word' id='word_1_261' title='bbox 1037 3568 1180 3635; x_wconf 84' lang='lat' dir='ltr'>parcatur.</span> 
     </span>
    </p>

    <p class='ocr_par' dir='ltr' id='par_1_6' title="bbox 304 3635 1360 4081">
     <span class='ocr_line' id='line_1_33' title="bbox 346 3635 1360 3738; baseline 0.03 -48"><span class='ocrx_word' id='word_1_262' title='bbox 346 3643 359 3705; x_wconf 83' lang='lat'>1</span> <span class='ocrx_word' id='word_1_263' title='bbox 381 3635 455 3692; x_wconf 84' lang='lat' dir='ltr'>Voc.</span> <span class='ocrx_word' id='word_1_264' title='bbox 479 3636 662 3720; x_wconf 76' lang='grc' dir='ltr'>Ἀντίμαχος.</span> <span class='ocrx_word' id='word_1_265' title='bbox 706 3647 893 3723; x_wconf 80' lang='grc' dir='ltr'>Κολοφώνιος,</span> <span class='ocrx_word' id='word_1_266' title='bbox 919 3647 978 3712; x_wconf 81' lang='grc' dir='ltr'>οἷὸς</span> <span class='ocrx_word' id='word_1_267' title='bbox 995 3647 1148 3730; x_wconf 81' lang='grc' dir='ltr'>Ὑπάρχου,</span> <span class='ocrx_word' id='word_1_268' title='bbox 1168 3663 1360 3738; x_wconf 76' lang='grc' dir='ltr'>γραμματικὸς</span> 
     </span>
     <span class='ocr_line' id='line_1_34' title="bbox 305 3729 1360 3818; baseline 0.028 -36"><span class='ocrx_word' id='word_1_269' title='bbox 305 3730 350 3783; x_wconf 81' lang='grc' dir='ltr'>καὶ</span> <span class='ocrx_word' id='word_1_270' title='bbox 364 3729 488 3797; x_wconf 65' lang='lat' dir='ltr'>aomrtc·</span> <span class='ocrx_word' id='word_1_271' title='bbox 530 3732 613 3798; x_wconf 84' lang='grc' dir='ltr'>Τινές</span> <span class='ocrx_word' id='word_1_272' title='bbox 624 3733 652 3792; x_wconf 79' lang='grc' dir='ltr'>δέ</span> <span class='ocrx_word' id='word_1_273' title='bbox 663 3738 707 3791; x_wconf 78' lang='grc' dir='ltr'>καὶ</span> <span class='ocrx_word' id='word_1_274' title='bbox 717 3735 825 3805; x_wconf 88' lang='grc' dir='ltr'>ο1κέτην</span> <span class='ocrx_word' id='word_1_275' title='bbox 835 3737 922 3794; x_wconf 71' lang='grc' dir='ltr'>αὑτὸν</span> <span class='ocrx_word' id='word_1_276' title='bbox 932 3738 1102 3816; x_wconf 71' lang='grc' dir='ltr'>ἀνέγραψαν</span> <span class='ocrx_word' id='word_1_277' title='bbox 1117 3749 1295 3818; x_wconf 79' lang='grc' dir='ltr'>Πανυᾶσιδος</span> <span class='ocrx_word' id='word_1_278' title='bbox 1312 3761 1360 3812; x_wconf 83' lang='grc' dir='ltr'>τοῦ</span> 
     </span>
     <span class='ocr_line' id='line_1_35' title="bbox 305 3819 1359 3923; baseline 0.028 -50"><span class='ocrx_word' id='word_1_279' title='bbox 305 3825 428 3888; x_wconf 83' lang='grc' dir='ltr'>ποιητοῦ,</span> <span class='ocrx_word' id='word_1_280' title='bbox 446 3819 524 3879; x_wconf 75' lang='grc' dir='ltr'>πάνυ</span> <span class='ocrx_word' id='word_1_281' title='bbox 549 3823 726 3902; x_wconf 72' lang='grc' dir='ltr'>ψευσάμενοι.</span> <span class='ocrx_word' id='word_1_282' title='bbox 760 3822 822 3883; x_wconf 88' lang='grc' dir='ltr'>Ἦν</span> <span class='ocrx_word' id='word_1_283' title='bbox 844 3831 898 3904; x_wconf 84' lang='grc' dir='ltr'>γὰρ</span> <span class='ocrx_word' id='word_1_284' title='bbox 916 3828 1000 3888; x_wconf 84' lang='grc' dir='ltr'>ιιότοῦ</span> <span class='ocrx_word' id='word_1_285' title='bbox 1022 3835 1157 3906; x_wconf 67' lang='lat' dir='ltr'>droam-alc</span> <span class='ocrx_word' id='word_1_286' title='bbox 1177 3842 1221 3897; x_wconf 79' lang='grc' dir='ltr'>καὶ</span> <span class='ocrx_word' id='word_1_287' title='bbox 1240 3847 1359 3923; x_wconf 77' lang='grc' dir='ltr'>Στησιμ-</span> 
     </span>
     <span class='ocr_line' id='line_1_36' title="bbox 304 3906 1358 3991; baseline 0.027 -27"><span class='ocrx_word' id='word_1_288' title='bbox 304 3906 417 3985; x_wconf 77' lang='grc' dir='ltr'>βρότου.</span> <span class='ocrx_word' id='word_1_289' title='bbox 461 3913 566 3984; x_wconf 85' lang='grc' dir='ltr'>Γέγονε</span> <span class='ocrx_word' id='word_1_290' title='bbox 586 3913 615 3972; x_wconf 80' lang='grc' dir='ltr'>δέ</span> <span class='ocrx_word' id='word_1_291' title='bbox 639 3915 692 3991; x_wconf 84' lang='grc' dir='ltr'>πρὸ</span> <span class='ocrx_word' id='word_1_292' title='bbox 712 3917 875 3983; x_wconf 83' lang='grc' dir='ltr'>Πλάτωνος.</span> <span class='ocrx_word' id='word_1_293' title='bbox 920 3918 993 3978; x_wconf 80' lang='lat' dir='ltr'>Hoec</span> <span class='ocrx_word' id='word_1_294' title='bbox 1016 3922 1116 3982; x_wconf 86' lang='lat' dir='ltr'>Suldae</span> <span class='ocrx_word' id='word_1_295' title='bbox 1137 3945 1190 3985; x_wconf 86' lang='lat' dir='ltr'>suo</span> <span class='ocrx_word' id='word_1_296' title='bbox 1211 3948 1290 3990; x_wconf 83' lang='lat' dir='ltr'>more</span> <span class='ocrx_word' id='word_1_297' title='bbox 1307 3953 1358 3991; x_wconf 84' lang='lat' dir='ltr'>ex-</span> 
     </span>
     <span class='ocr_line' id='line_1_37' title="bbox 305 3997 759 4081; baseline 0.02 -27"><span class='ocrx_word' id='word_1_298' title='bbox 305 3997 413 4077; x_wconf 87' lang='lat' dir='ltr'>cerpsit</span> <span class='ocrx_word' id='word_1_299' title='bbox 427 3998 559 4058; x_wconf 87' lang='lat' dir='ltr'>Endocia</span> <span class='ocrx_word' id='word_1_300' title='bbox 573 4002 649 4063; x_wconf 89' lang='lat' dir='ltr'>Viol.</span> <span class='ocrx_word' id='word_1_301' title='bbox 665 4024 693 4081; x_wconf 89' lang='lat' dir='ltr'>p.</span> <span class='ocrx_word' id='word_1_302' title='bbox 710 4007 759 4064; x_wconf 87' lang='lat'>61.</span> 
     </span>
    </p>
   </div>
   <div class='ocr_carea' id='block_1_4' title="bbox 306 4089 1360 4260">
    <p class='ocr_par' dir='ltr' id='par_1_7' title="bbox 306 4089 1360 4260">
     <span class='ocr_line' id='line_1_38' title="bbox 348 4089 1360 4191; baseline 0.031 -46"><span class='ocrx_word' id='word_1_303' title='bbox 348 4095 360 4160; x_wconf 66' lang='grc' dir='ltr'>ξ</span> <span class='ocrx_word' id='word_1_304' title='bbox 383 4089 402 4147; x_wconf 94' lang='lat' dir='ltr'>l.</span> <span class='ocrx_word' id='word_1_305' title='bbox 418 4109 445 4147; x_wconf 91' lang='lat' dir='ltr'>c.</span> <span class='ocrx_word' id='word_1_306' title='bbox 465 4093 598 4164; x_wconf 82' lang='grc' dir='ltr'>Πλάτων,</span> <span class='ocrx_word' id='word_1_307' title='bbox 617 4099 676 4162; x_wconf 91' lang='grc' dir='ltr'>νέος</span> <span class='ocrx_word' id='word_1_308' title='bbox 691 4101 730 4156; x_wconf 79' lang='grc' dir='ltr'>ὢν</span> <span class='ocrx_word' id='word_1_309' title='bbox 744 4100 814 4165; x_wconf 87' lang='grc' dir='ltr'>τότε,</span> <span class='ocrx_word' id='word_1_310' title='bbox 832 4104 875 4158; x_wconf 76' lang='grc' dir='ltr'>καὶ</span> <span class='ocrx_word' id='word_1_311' title='bbox 891 4099 1047 4179; x_wconf 61' lang='grc' dir='ltr'>θαυμάζων</span> <span class='ocrx_word' id='word_1_312' title='bbox 1061 4109 1111 4166; x_wconf 87' lang='grc' dir='ltr'>τὸν</span> <span class='ocrx_word' id='word_1_313' title='bbox 1123 4108 1300 4191; x_wconf 71' lang='grc' dir='ltr'>Ἀντίμαχον</span> <span class='ocrx_word' id='word_1_314' title='bbox 1315 4119 1360 4175; x_wconf 79' lang='grc' dir='ltr'>ἐπὶ</span> 
     </span>
     <span class='ocr_line' id='line_1_39' title="bbox 306 4186 560 4260; baseline 0.016 -24"><span class='ocrx_word' id='word_1_315' title='bbox 306 4186 339 4258; x_wconf 72' lang='grc' dir='ltr'>τῇ</span> <span class='ocrx_word' id='word_1_316' title='bbox 354 4188 476 4260; x_wconf 78' lang='grc' dir='ltr'>ποιητικῇ</span> <span class='ocrx_word' id='word_1_317' title='bbox 491 4207 515 4240; x_wconf 90' lang='grc' dir='ltr'>κ.</span> <span class='ocrx_word' id='word_1_318' title='bbox 531 4188 560 4240; x_wconf 86' lang='grc' dir='ltr'>λ.</span> 
     </span>
    </p>
   </div>
   <div class='ocr_carea' id='block_1_5' title="bbox 0 0 1446 4792">
    <p class='ocr_par' dir='ltr' id='par_1_8' title="bbox 0 0 1446 4792">
     <span class='ocr_line' id='line_1_40' title="bbox 0 0 1446 4792; baseline 0 0"><span class='ocrx_word' id='word_1_319' title='bbox 0 0 1446 4792; x_wconf 95' lang='lat' dir='ltr'> </span> 
     </span>
    </p>
   </div>
  </div>
 </body>
</html>
