2880 4792
191 279 241 345 30
498 296 718 346 arrruncur
742 295 942 351 aerioma).

186 446 257 530 jam
281 454 375 508 antea
400 443 641 523 hlimnermum,
661 445 718 532 qui
741 445 906 509 tibicinam
934 443 1056 508 Nanno
1080 453 1249 523 amaverat,

192 545 326 630 posthac
338 546 631 612 llermesianactem
644 548 791 635 aliosque
803 568 879 611 ueoa
891 545 1102 633 reperimus,*
1116 544 1214 610 etiam
1222 545 1251 608 in

195 646 317 710 latinia
335 647 550 734 Propertium,
567 649 663 735 cujus
679 649 802 736 primus
818 647 898 712 liber
908 629 1099 734 Elegiarum
1112 646 1252 733 Cynthia

191 747 364 835 inscriptus
384 760 442 813 cat.
490 749 613 827 Plures,
630 751 687 837 qui
706 749 768 814 hoc
787 771 899 835 poema
922 757 1112 826 memorant,
1133 747 1252 834 Elegia

192 851 320 915 nornine
341 851 530 937 insigniunt.
576 851 653 924 Qua
675 851 890 937 appellatione
913 851 1044 939 nequis
1061 849 1252 927 offendatur,

191 960 249 1016 aut
268 950 415 1039 Elegiam
441 974 496 1039 per
517 952 624 1040 plures
651 952 748 1017 libros
776 952 961 1032 deductam,
982 952 1114 1016 unicam
1138 951 1173 1014 iu
1198 973 1253 1016 suo

191 1075 305 1139 genere
315 1053 443 1134 habeat,
457 1054 487 1116 in
501 1054 686 1118 memoriam
702 1053 923 1118 revocabimus
933 1062 1075 1118 veterem
1092 1052 1254 1140 signitica-

191 1156 321 1233 tionem,
337 1178 402 1241 qua
421 1155 613 1219 vocabulum
635 1154 757 1240 Elegiae
774 1154 880 1218 Graeci
895 1164 928 1218 et
945 1154 1051 1217 Latini
1069 1152 1253 1241 frequenta-

192 1256 282 1334 bant,
299 1258 400 1343 magis
415 1280 485 1321 eam
505 1280 525 1321 a
539 1257 631 1321 metri
649 1257 761 1334 forma,
780 1277 878 1343 quam
900 1256 1025 1320 interna
1044 1255 1202 1319 carminis
1223 1256 1250 1318 ri

190 1368 223 1421 et
236 1369 348 1421 natura
359 1359 504 1444 petitam.
551 1357 680 1422 Etenim
694 1358 770 1422 hinc
783 1358 980 1437 factumest,
995 1367 1031 1421 ut
1043 1366 1148 1442 poetae
1162 1358 1252 1422 multi

191 1459 335 1544 longiora
361 1470 393 1523 et
420 1461 592 1546 prolixiora
618 1482 714 1546 opera
740 1460 840 1545 elegis
870 1459 1116 1546 perscriberent,
1144 1459 1252 1546 qualia

189 1560 284 1624 etiam
300 1582 385 1624 nnnc
402 1560 509 1625 Ovidii
532 1573 662 1641 restant,
676 1585 749 1648 quae
765 1583 804 1626 ex
820 1561 955 1648 antiqua
969 1561 1056 1624 verbi
1072 1561 1104 1623 vi
1124 1559 1253 1646 Elegia·

191 1684 259 1727 rum
284 1663 410 1727 nomine
433 1665 592 1750 appellare
616 1665 755 1749 possis.†
802 1663 853 1728 De
875 1673 1064 1750 argumento
1089 1663 1253 1751 praecipuo

193 1764 298 1849 Lydes
322 1774 436 1828 testem
464 1764 631 1845 habemus,
660 1765 716 1853 qui
742 1765 856 1829 librum
885 1765 996 1850 procul
1022 1764 1125 1828 dubio
1146 1763 1253 1828 adhuc

190 1867 339 1931 manibus
354 1867 500 1945 versavit,
514 1866 737 1931 Plutarchum.
785 1865 849 1930 Hic
863 1865 1095 1929 Antimachum
1108 1865 1209 1929 tradit
1222 1866 1252 1929 in

190 1991 228 2031 eo
252 1969 448 2032 recensuisse
466 1969 542 2047 fata,
565 1990 639 2054 quae
658 1968 752 2032 claris
771 1967 957 2033 hominibus
981 1967 1121 2033 heroicae
1146 1969 1253 2033 aetatin

191 2069 324 2132 adversa
343 2069 556 2155 contigerant,
572 2091 674 2155 eoque
690 2092 794 2133 rerum
817 2091 933 2155 genere
950 2091 1055 2149 usum,
1071 2092 1139 2156 quo
1155 2072 1253 2134 malo·

190 2192 260 2233 rum
282 2170 457 2233 alienorum
483 2173 786 2236 commemoratione
813 2194 904 2235 suam
929 2173 998 2258 ipse
1024 2173 1251 2258 aegritudinem

190 2271 340 2354 leniretss
388 2271 438 2334 Ex
451 2294 516 2358 quo
529 2273 714 2338 testimonio
724 2273 818 2338 facile
829 2282 971 2360 apparet,
982 2272 1014 2336 id
1025 2272 1113 2358 quod
1127 2274 1251 2361 absque

230 2524 247 2557 ³
269 2523 377 2582 Athen.
394 2524 481 2582 Xlll.
498 2544 526 2602 p.
544 2525 611 2582 596.
627 2525 660 2581 F.
700 2531 806 2602 Μικροῦ
821 2521 998 2601 ἐξελαθόμην
1011 2524 1080 2600 ύμῖν
1095 2526 1185 2582 εἰπεῖν
1199 2525 1251 2592 τόν

190 2642 217 2674 τε
240 2617 413 2696 Ἀντιμάχου
432 2617 538 2688 Λύδην,
558 2620 668 2694 πρόσετι
688 2616 716 2674 δέ
734 2620 778 2674 καὶ
793 2621 844 2685 τὴν
862 2618 1012 2692 όμωνυμον
1031 2614 1135 2684 ταύτης
1154 2613 1252 2692 ἑτέραν

191 2710 298 2782 Λύδην,
316 2717 351 2781 ἣν
372 2712 472 2785 ἠγάπα
490 2707 655 2786 Λαμύνθιος
676 2711 691 2766 ὀ
711 2711 862 2775 Μιλήσιος.
904 2705 1052 2782 Ἕκατέρος
1070 2711 1127 2783 γὰρ
1145 2707 1252 2765 τούτων

189 2813 244 2861 τῶν
257 2813 389 2874 ποιητῶν,
412 2807 449 2868 ὥς
465 2814 532 2880 φησι
556 2799 706 2877 Κλέαρχος
724 2802 754 2858 ἐν
775 2807 833 2864 τοῖς
851 2797 1021 2875 Ἐρωτικοῖς,
1036 2808 1084 2865 τῆς
1098 2795 1252 2875 βορβόρου

190 2894 284 2963 Λύδης
297 2898 337 2959 εἶς
354 2893 508 2970 ἐπιθυμίαν
527 2897 676 2962 καταστὰς,
690 2893 821 2961 ἐποίησεν
835 2893 850 2947 ό
862 2889 918 2966 μέν
932 2891 963 2947 ἐν
977 2890 1123 2962 ἐλεγείοις,
1144 2892 1160 2948 ό
1181 2888 1204 2946 δ’
1220 2890 1252 2946 ἐν

189 2989 267 3063 μέλει
281 2986 312 3043 τό
324 2986 496 3061 καλούμενον
509 2989 628 3059 ποίημα,
640 2982 745 3052 Λύδην.
789 2984 952 3059 Παρέλιπον
961 2979 990 3038 δέ
1000 2983 1044 3038 καὶ
1058 2983 1109 3049 τὴν
1123 2983 1251 3057 Μιμνέρ-

189 3102 243 3152 μου
265 3075 419 3153 αὐλητρίδα
442 3079 556 3144 Ναννὼ,
579 3078 623 3131 καὶ
652 3078 702 3144 την
730 3073 967 3151 Ἐρμεσιίινακτος
994 3080 1042 3131 τοῦ
1067 3069 1252 3151 Κολοφωνίου

190 3171 333 3225 Λεόντιον.
378 3164 535 3242 Epitheton
547 3164 707 3242 βαρβάρου,
723 3163 812 3242 Lydae
828 3162 874 3221 hle
890 3162 1003 3230 (latum,
1019 3161 1052 3220 ils
1067 3160 1136 3220 addi
1151 3162 1250 3233 debet,

190 3278 257 3337 qum
273 3277 360 3334 supra
374 3257 412 3315 de
428 3256 533 3334 puellae
548 3255 641 3334 patria
656 3255 726 3313 dixi.

230 3359 247 3417 †
272 3349 362 3419 Fasti,
377 3351 431 3407 Ars
445 3348 573 3420 amandi,
589 3346 731 3405 Remedia
746 3346 858 3406 amoris.

228 3448 241 3511 ί
263 3441 380 3500 Consul.
398 3440 435 3499 atl
457 3439 553 3519 Apoll.
573 3460 601 3518 p.
625 3441 693 3511 106,
714 3439 749 3497 Β.
792 3439 953 3519 Ἐχρίισατο
967 3443 999 3518 τῇ
1015 3439 1128 3518 τοιαύτη
1144 3441 1249 3518 ἀγωγῇ

188 3539 233 3594 καί
254 3534 429 3613 Ἀντίμαχος
454 3537 468 3592 ὁ
490 3536 614 3603 ποιητός·
635 3531 837 3602 ἀποθανούσης
860 3537 917 3608 γὰρ
939 3541 988 3600 τῆς
1008 3529 1142 3603 γυναικὸς
1162 3534 1250 3589 αὑτοῦ

188 3626 293 3697 Λύδης,
316 3626 386 3703 πρός
408 3631 443 3695 ἣν
466 3628 657 3704 φιλοστόργως
679 3621 751 3701 εἶχε,
775 3621 957 3701 παραμύθιον
981 3632 1030 3691 τῆς
1056 3621 1148 3689 λύπης
1173 3618 1250 3701 αύτῷ

187 3721 299 3788 ἐποίησε
313 3721 363 3788 τὴν
377 3716 531 3790 Ἐλεγείων
544 3721 595 3786 τὴν
609 3718 785 3793 καλουμένην
798 3714 905 3784 Λύδην,
916 3712 1178 3792 ἐξαριθμησάμενος
1198 3719 1250 3779 τὰς

188 3814 305 3887 ἡρωϊκὸς
319 3814 473 3888 συμφορὰς,
488 3818 545 3874 τοῖς
564 3811 724 3883 ἀλλοτρίοις
742 3815 834 3871 κακοῖς
848 3807 954 3864 ἐλάττω
973 3809 1024 3874 τὴν
1042 3803 1142 3861 ἑαυτοῦ
1160 3814 1250 3863 ποιῶν

187 3903 292 3973 λύπην.
334 3899 425 3958 Ὥστε
437 3899 593 3978 καταφανές
602 3896 688 3968 εἶναι,
699 3898 741 3956 ότι
756 3900 771 3957 ό
782 3896 1036 3975 παραμυθούμενος
1047 3895 1097 3953 τόν
1107 3896 1249 3973 λυπούμε-

189 4021 248 4066 νον,
271 3997 315 4053 καί
341 3991 470 4051 δεικνύων
491 3992 584 4050 κοινόν
609 3994 653 4048 καὶ
677 3996 794 4048 πολλῶν
815 3989 846 4047 τό
866 3987 1054 4065 συμβεβηκὸς,
1075 3988 1104 4043 ἐκ
1126 3996 1183 4044 τῶν
1203 3991 1249 4046 καὶ

186 4086 285 4162 ἑτέροις
301 4082 518 4160 συμβεβηκότων
533 4086 670 4142 ἐλάττονα
688 4083 739 4150 τὴν
757 4081 841 4148 δόξαν
861 4088 907 4138 τοῦ
928 4082 1125 4155 λελυπημένου
1143 4077 1247 4154 μεθίσ-

186 4201 258 4246 τησι.
348 4212 352 4219 -
