2880 4792
186 292 253 360 108
484 312 707 362 nnrrrrncnr
735 310 940 368 seticum.

183 460 304 546 primus
319 459 377 537 its,
395 467 431 522 ut
445 456 532 538 dedi,
546 456 629 522 duos
644 458 796 522 distinxit
813 455 1038 522 Hemsterhns.
1053 453 1095 518 ad
1112 452 1248 516 Plutum

185 582 217 646 p.
232 560 297 638 22,
320 558 374 622 cui
399 558 432 621 in
455 558 517 622 hoc
541 559 635 623 facile
658 558 798 645 quisque
824 557 968 623 accedet
1013 555 1137 619 Verum
1161 552 1249 639 quod

186 659 368 745 subjungit,
384 659 515 723 tertium
530 659 609 724 sorte
625 682 752 723 versum
768 657 967 746 suppeditari
982 680 1002 721 s
1014 655 1121 720 Schol.
1136 653 1249 738 Eurip.

186 763 228 825 ad
244 760 300 825 Or.
318 784 347 823 v.
364 762 438 825 392.
468 763 565 845 Πώρη
579 789 627 827 τοι
643 761 795 848 ιἰλόχοισι
810 766 859 826 καὶ
876 763 926 835 olc
940 762 1094 825 τεκέεσσιν
1109 758 1252 830 ἕκαστος,

188 864 221 929 id
233 875 266 928 et
277 864 346 949 ipse
355 862 541 927 dubitanter
552 861 679 949 profert,
690 883 798 948 neque
813 860 965 948 equidem
977 866 1139 945 praestem.
1153 855 1252 918 Vide·

189 978 241 1029 tur
252 965 360 1052 potius
373 963 456 1028 idem
472 984 583 1028 versus
597 984 667 1027 esse
683 983 757 1026 cum
770 961 873 1048 priore
886 981 984 1047 supra
997 958 1112 1046 posito.
1144 955 1252 1020 Verba

189 1066 269 1150 ipsa,
285 1063 370 1128 unde
391 1066 427 1128 τὸ
448 1063 653 1149 ταλαίπωρος
669 1062 879 1128 Grammatici
896 1061 1075 1137 deducunt,
1089 1060 1251 1144 πορεῖν,ὁ

190 1170 301 1250 πὼρος
324 1186 352 1228 s.
374 1167 393 1240 ἡ
418 1167 508 1250 σώρη
532 1173 566 1228 et
589 1167 747 1250 πωρητιίς,
763 1164 879 1250 gloesoe
903 1161 994 1226 Eleis
1021 1159 1158 1247 propriae
1182 1179 1251 1222 esse

191 1265 409 1351 perhibentur,
418 1276 453 1328 ut
464 1287 515 1350 ap.
526 1263 794 1350 SophoclSchol.
805 1265 827 1327 l.
838 1266 860 1328 1.
885 1264 1014 1327 atvero
1026 1282 1089 1326 non
1103 1260 1253 1325 omnibus

192 1366 245 1429 illu
261 1366 455 1451 etymologia
476 1366 605 1451 placuit.
631 1365 670 1429 V.
687 1364 839 1430 Eustath.
856 1365 896 1428 ad
921 1364 960 1427 ll.
974 1387 1005 1451 p.
1023 1363 1097 1427 699.
1114 1362 1136 1424 1.
1152 1362 1204 1424 23.
1220 1369 1252 1423 et

192 1465 256 1530 Od.
274 1489 303 1550 p.
324 1466 559 1545 1559.i11it.,in
580 1488 646 1554 quo
667 1467 830 1552 posteriori
855 1467 926 1531 loco
945 1465 1149 1550 ταλαίπωρος
1172 1472 1252 1525 tam·

193 1591 290 1654 qnmu
302 1568 510 1654 angicorum
525 1569 651 1655 propria
667 1568 769 1632 forma
785 1590 843 1654 pro
852 1566 1026 1654 antiquiori
1039 1575 1072 1630 et
1082 1563 1253 1628 Homerica

193 1670 395 1756 ταλαπείριος
420 1679 559 1734 notatur.
604 1668 659 1734 Sic
684 1670 749 1734 scre
768 1670 866 1734 ctiam
891 1669 1106 1756 Etymologus
1131 1691 1165 1752 p.
1180 1667 1252 1729 744.

196 1772 215 1834 l.
233 1773 284 1834 50.

693 2086 763 2151 LX.

289 2325 360 2414 εΩς
380 2321 447 2403 εἴτε
470 2322 595 2414 chinric
616 2359 654 2403 τε
675 2322 805 2439 Serapim
826 2319 1028 2422 σφονίνλίων
1050 2321 1090 2423 ἕξ
1105 2372 1162 2381 -

199 2570 532 2636 Ροι.ι.υ11οηοωοεί.
552 2566 598 2646 ll,
613 2568 645 2630 4.
665 2567 735 2630 178.
782 2570 848 2644 Τὴν
868 2566 968 2655 ῥάχιν
987 2569 1062 2634 ἔνιοι
1081 2572 1148 2634 τῶν
1171 2597 1256 2644 ποιη-

196 2679 261 2741 τῶν
288 2674 458 2755 ὠνόμασαν
487 2669 609 2745 κλόνιν,
633 2671 738 2754 ὥσπερ
763 2669 969 2756 Ἀντίμαχος·
1000 2666 1062 2743 Ὦς
1087 2668 1145 2734 εἴτε
1173 2699 1200 2735 κ.
1224 2669 1255 2734 λ.

196 2775 279 2839 Tota
295 2773 388 2860 spina
407 2771 493 2834 dorsi
512 2770 546 2833 in
567 2769 707 2849 homine,
725 2779 761 2832 ut
781 2769 965 2855 plurimum,
980 2769 1096 2854 viginti
1119 2778 1257 2855 quatuor

198 2873 363 2953 vertebris,
380 2869 587 2949 σπονδύλοις,
603 2868 812 2956 σφονδυλίοις
827 2868 980 2950 (Wirbel)
994 2879 1184 2934 constructa
1200 2878 1257 2948 est,

199 2978 284 3041 inter
297 2996 380 3062 quas
396 2981 518 3058 septem
530 2971 663 3035 cervicis
679 2981 767 3051 sunt,
779 2971 948 3036 duodecim
960 2971 1058 3051 dorsi,
1070 2979 1103 3035 et
1114 2971 1257 3058 quinque

199 3076 392 3155 lumborum,
409 3074 469 3137 hoc
485 3082 543 3153 est,
559 3072 659 3158 partis
674 3071 777 3158 spinae
793 3072 959 3137 inferioris.
1004 3070 1091 3136 Sunt
1103 3082 1211 3137 tamen
1226 3073 1258 3136 in

201 3180 262 3243 hac
288 3177 383 3241 etiam
411 3174 571 3239 interdum
597 3194 654 3237 sex
681 3174 845 3252 vertebrae,
872 3174 957 3239 unde
984 3173 1192 3260 σφονδυλίων
1215 3175 1257 3252 ἓξ.

201 3279 323 3344 Vocem
339 3277 449 3353 κλόνις
465 3285 573 3340 autem
588 3273 803 3338 Antimachus
823 3275 854 3339 in
874 3297 968 3339 versu
983 3275 1023 3339 de
1038 3276 1150 3340 lumbo
1171 3277 1260 3341 adhi-

202 3381 284 3460 buit,
293 3380 360 3457 sed,
369 3387 408 3443 ut
420 3377 559 3456 videtur,
570 3397 634 3440 non
646 3396 706 3439 usu
722 3397 850 3461 prorsus
863 3398 944 3441 novo
957 3376 1084 3464 ipsique
1097 3378 1258 3464 peculiari.

203 3483 289 3548 Nam
303 3481 408 3546 Schol.
425 3478 573 3564 AEschyl.
590 3475 630 3540 ad
656 3476 763 3540 Prom.
781 3477 846 3542 496
861 3487 972 3542 notat:
999 3479 1175 3555 Εὐκίνητος
1197 3478 1259 3566 γᾶρ

203 3583 284 3648 οὖσα
310 3588 359 3648 καὶ
380 3585 538 3666 σπέρματα
561 3579 719 3666 ἴχουσαὴ
743 3582 865 3665 γαστὴρ
889 3582 995 3644 θύεται
1020 3583 1119 3658 θεοῖς,
1144 3578 1198 3665 ἀφ’
1223 3581 1259 3646 οὗ

204 3691 330 3767 (nempe
346 3680 480 3746 ἀπὸτοῦ
496 3679 636 3759 κλονεῖν)
657 3686 707 3746 καὶ
728 3678 839 3755 κλόνις
853 3679 1040 3763 ὀνομάζεται
1063 3678 1114 3747 hcl
1127 3681 1169 3745 'rb
1185 3683 1261 3746 εὐκι-

205 3813 310 3860 νοτον.
354 3784 462 3867 Atque
478 3782 548 3845 haec
564 3781 689 3845 notatio
710 3780 806 3844 simul
822 3779 902 3845 forte
916 3780 1090 3845 illustrabit
1104 3781 1258 3847 rationem

204 3882 338 3969 epitheti
354 3886 498 3967 θουρίης,
514 3882 601 3968 quod
618 3881 724 3945 minus
739 3881 818 3946 scite
831 3889 962 3947 vertunt
976 3881 1148 3966 impetuosi.
1195 3880 1259 3945 De-

204 3985 301 4048 bebat
320 3983 434 4047 saltem
448 3982 570 4046 mobilis
590 3983 690 4047 reddi.
737 3983 781 4045 At
799 3983 840 4047 de
863 4004 925 4046 usu
943 3983 1031 4046 verbi
1050 3987 1184 4069 θούριος
1201 3983 1260 4045 dn-

204 4085 324 4150 bitassc
348 4083 494 4149 videntur
519 4084 626 4170 lntpp.
643 4084 683 4150 ad
710 4083 847 4173 Polluc,
862 4092 895 4147 et
918 4083 1030 4147 Kiihn.
1052 4084 1183 4171 corrigit
1205 4089 1261 4150 &o-
