2880 4792
293 308 342 375 le
425 340 438 371 ι
568 327 1082 376 οιαίιιιυυυεΑυτιιιιοιιο.

293 475 373 538 satis
396 476 498 560 liquet
520 476 566 538 vel
589 497 626 538 ex
652 476 840 563 fragmentis
863 477 934 562 ejus
958 476 1079 562 quibus
1100 482 1181 538 aetas
1203 471 1354 560 pepercit.

296 576 339 640 Et
370 577 402 639 in
434 576 615 640 universum
644 579 746 641 notari
776 588 891 664 potest,
917 599 1028 642 omnes
1058 574 1124 640 fere
1151 584 1357 660 poctograrn·

294 679 453 759 matistas,
483 679 542 758 vel,
570 679 596 742 si
623 679 712 756 libet,
738 689 848 766 poetas
875 678 1097 758 scholasticos,
1122 675 1358 741 Antimachum

293 781 380 862 dico,
392 781 641 860 Callimachum,
655 781 864 859 Nicandrum,
875 781 1093 867 Apollonium,
1107 778 1357 864 Xenophanem,

294 894 326 946 ct
347 896 467 948 eeteros
484 882 582 968 hujus
604 884 741 969 generis,
760 905 825 946 non
846 881 943 946 modo
959 881 1199 968 quamplurima
1216 879 1358 944 Homero

295 984 417 1049 furatos
438 1007 518 1064 esse,
538 983 648 1048 verdm
668 985 762 1047 ctiam
785 983 1011 1071 antiquissima
1032 982 1140 1062 verba,
1158 991 1192 1046 et
1212 981 1358 1045 obsoleta

296 1109 436 1173 quaeque
450 1097 482 1150 et
496 1095 637 1151 veterum
653 1085 738 1160 άπαὲ
753 1086 922 1171 λεγόμενα,
937 1085 1021 1148 unde
1038 1085 1124 1149 unde
1140 1083 1314 1147 corrasisse
1326 1093 1358 1146 et

296 1191 328 1252 in
348 1199 501 1252 centones
524 1210 599 1252 suos
623 1188 837 1251 transtulisse.
886 1186 1027 1273 Insignis
1048 1195 1157 1250 autem
1176 1186 1217 1248 de
1239 1183 1303 1248 hac
1323 1207 1356 1248 re

298 1291 465 1354 Plutarchi
476 1291 565 1353 locus
580 1299 629 1352 est
644 1290 676 1352 in
686 1288 753 1352 vira
764 1289 956 1353 Timoleont.
970 1312 1002 1374 p.
1015 1289 1090 1351 461.
1104 1287 1154 1350 ed.
1168 1285 1245 1351 Hst.
1259 1308 1355 1373 quem

295 1393 328 1455 in
350 1392 505 1456 lectorum
528 1391 663 1477 gratiam
686 1391 846 1476 integrum
864 1390 1056 1454 adscribam.
1086 1387 1240 1475 Καθάπερ
1255 1390 1353 1474 γὰρὴ

294 1500 352 1579 μὲν
377 1495 572 1580 Ἀντιμάχου
598 1499 735 1569 ποίησις,
762 1500 810 1558 καὶ
838 1494 876 1558 τὰ
905 1496 1078 1558 Διονυσίου
1105 1491 1354 1577 ζωγραφήματα,

294 1599 360 1661 τῶν
376 1594 608 1681 Κολοφωνίων,
619 1598 716 1681 ἰσχὺν
730 1596 846 1681 ἔχοντα
862 1599 911 1659 καὶ
926 1596 1035 1672 τόνον,
1052 1598 1356 1658 ΕΚΒΕΒΙΑΣΜΕ-

297 1703 403 1763 ΝΟΙΣ
427 1704 500 1762 ΚΑΙ
527 1703 813 1762 ΚΑΤΑΠΟΝΟΙΣ
828 1697 916 1773 ἔοικε,
931 1705 1001 1770 ταῖς
1022 1692 1053 1760 δὲ
1076 1695 1264 1786 Νικομάχου
1279 1720 1355 1778 γρα-

295 1809 380 1884 φοῖς,
395 1805 443 1864 καὶ
459 1809 527 1873 τοῖς
541 1797 681 1884 Ὀμήρου
697 1804 833 1884 στίχοις,
847 1800 922 1881 μετὰ
938 1807 994 1873 τῆς
1006 1795 1112 1872 ἄλλος
1128 1792 1293 1878 δυνάμεως
1307 1798 1354 1859 καὶ

296 1902 438 1988 χάριτος,
447 1904 596 1987 πρόσεστι
611 1901 647 1966 τὸ
665 1896 768 1965 δοκεῖν
783 1902 924 1986 εὐχερῶς
938 1905 986 1964 καὶ
1002 1895 1122 1983 ῥᾳδίως
1134 1894 1354 1982 άπείργασθαι.

297 1999 388 2066 Nota
414 2001 562 2086 Dionysii
590 2001 824 2087 ζωγραφήματα
848 1998 1001 2087 (Angliee
1022 1997 1194 2083 pertraits)
1221 1997 1262 2060 de
1290 2017 1353 2084 quo

293 2104 412 2189 pictore
425 2103 551 2165 Plinius
564 2124 659 2164 xxxv.
677 2103 707 2165 9.
734 2100 907 2188 Dionysius
919 2101 1001 2165 nihil
1010 2099 1101 2163 aliud
1111 2097 1207 2185 qudm
1218 2098 1353 2162 homines

288 2205 407 2288 pinxit,
437 2203 475 2267 ob
504 2203 559 2266 hoc
591 2203 896 2290 Anthropogruplrus
926 2202 1168 2289 cognominatus.
1222 2200 1352 2264 Mircris

293 2314 400 2369 tamen
416 2307 553 2369 eundem
572 2305 780 2369 Plutarchum
796 2306 827 2368 in
845 2305 913 2368 Vit.
931 2305 1062 2368 Romul.
1079 2327 1112 2390 p.
1128 2305 1182 2366 43.
1197 2302 1352 2367 citantem

295 2407 527 2471 Antimachum
548 2409 606 2473 τὸν
628 2411 726 2483 Τήϊον
749 2410 912 2486 ἐποποιὸν,
932 2417 965 2470 et
985 2405 1114 2493 quidem
1137 2404 1239 2469 Clcm.
1257 2405 1349 2468 Alex.

295 2508 412 2573 Strom.
440 2509 479 2571 vi.
509 2509 582 2571 264.
612 2508 724 2570 laudat
753 2530 792 2571 ex
822 2508 1017 2571 Antimacho
1048 2506 1120 2570 Teio
1150 2507 1351 2585 versiculum,

294 2611 423 2689 alicubi,
448 2610 475 2674 si
500 2608 582 2674 bene
610 2609 739 2673 memini
766 2610 807 2672 ab
834 2609 1009 2673 Eustathio
1035 2609 1182 2686 citatum,
1208 2607 1266 2675 Ἐκ
1289 2610 1351 2695 γὰρ
1423 2614 1425 2618 ’

294 2709 405 2799 δώρων
424 2712 535 2779 πολλὰ
558 2709 623 2777 κάκ’
641 2709 834 2797 ἀνθρώποισι
854 2711 1012 2778 πέλονται.
1057 2710 1120 2774 Sed
1136 2720 1272 2797 uterque
1288 2733 1352 2774 me·

294 2814 514 2901 moririlapsus
530 2823 597 2893 est,
623 2822 746 2876 certum
757 2813 839 2876 enirn
850 2823 909 2890 est,
919 2813 1102 2899 Epopoeum
1112 2811 1353 2899 Colophonium.

293 2916 403 2993 fnisse,
418 2916 512 3000 cnjus
528 2916 615 3001 Epos
631 2914 759 3000 insigne
775 2923 841 2977 erat
856 2916 875 2990 ἡ
892 2912 1029 3000 Θηβαΐς.
1074 2911 1198 2977 Contra
1212 2914 1350 2978 Ovidius

293 3016 389 3079 Trist.
412 3018 433 3079 i.
457 3020 487 3079 ὃ.
509 3015 653 3078 Clarium
677 3038 750 3079 eum
775 3025 887 3093 vocat;
911 3015 1032 3101 qnippe
1053 3014 1236 3100 Colophon,
1259 3016 1349 3094 Teos,

294 3117 420 3197 Clarus,
435 3139 545 3180 onrnes
563 3116 660 3180 loniae
677 3118 771 3181 urbes
787 3117 926 3180 fuerunt.

337 3217 501 3298 Ceterum,
522 3217 698 3304 antequam
715 3219 755 3281 ad
774 3219 952 3305 fragmenta
967 3217 1118 3304 quaedam
1133 3219 1232 3304 hujus
1246 3231 1350 3307 poetae

293 3320 461 3383 tractanda
486 3319 648 3398 accedam,
673 3320 851 3384 monendus
881 3329 931 3384 est
962 3319 1088 3399 Lector,
1112 3320 1173 3383 nisi
1203 3320 1237 3384 id
1269 3320 1349 3385 forte

293 3419 432 3486 antehac
459 3421 557 3485 fando
588 3422 757 3506 acceperit,
783 3421 969 3485 Antimachi
997 3421 1147 3508 reliquias
1173 3423 1244 3506 jam
1273 3425 1349 3487 olim

292 3524 431 3588 edidisse
453 3522 759 3609 Schellenbergium,
776 3523 869 3586 Halae
892 3524 985 3586 1786.
1008 3523 1147 3608 subjecit
1168 3523 1348 3608 Epistulam

295 3624 380 3689 Frid.
392 3627 478 3712 Aug.
488 3624 639 3690 Wolfius.
665 3623 762 3688 Hunc
774 3624 928 3702 libellum,
938 3647 1033 3710 quern
1046 3624 1184 3710 egregiis
1198 3625 1349 3690 laudibus

292 3726 507 3789 condecorant
523 3726 720 3791 Villoisonus
741 3736 772 3789 et
794 3724 1120 3810 SchweighaeuscruS,
1136 3725 1195 3788 viri
1216 3727 1348 3813 quidem

293 3827 525 3912 praeconiorum
555 3829 633 3891 satis
669 3849 829 3914 superque
865 3826 1001 3912 prodigi,
1032 3826 1110 3889 mihi
1142 3849 1205 3890 non
1241 3828 1348 3892 adhuc

291 3929 409 3993 vidisse
422 3929 569 4013 contigit.
595 3929 658 3992 Sed
675 3929 780 4014 qualis
795 3929 926 3992 tandem
942 3950 1070 4013 cunque
1082 3928 1134 4005 sit,
1146 3929 1230 3992 dabo
1242 3929 1349 3993 forsan

292 4033 445 4096 nonnulla
459 4054 533 4118 quae
553 4032 711 4094 editorum
733 4029 932 4115 diligentiam
954 4028 1137 4114 effugerint.
1184 4031 1236 4094 De
1253 4030 1352 4117 poetri.

222 4212 227 4222 Β
292 4133 371 4218 ipsu,
389 4142 503 4218 praeter
518 4142 662 4195 auctores
679 4153 776 4218 supra
790 4131 948 4209 laudatos,
960 4130 1052 4217 plnra
1068 4132 1194 4196 dabunt
1210 4133 1254 4196 Is.
1266 4134 1350 4196 Vos-
